<?xml version="1.0" encoding="UTF-8"?>
<!DOCTYPE html PUBLIC "-//W3C//DTD XHTML 1.0 Transitional//EN"
    "http://www.w3.org/TR/xhtml1/DTD/xhtml1-transitional.dtd">
<html xmlns="http://www.w3.org/1999/xhtml" xml:lang="en" lang="en">
 <head>
  <title>
</title>
<meta http-equiv="Content-Type" content="text/html;charset=utf-8" />
  <meta name='ocr-system' content='tesseract 3.04.00' />
  <meta name='ocr-capabilities' content='ocr_page ocr_carea ocr_par ocr_line ocrx_word'/>
</head>
<body>
  <div class='ocr_page' id='page_1' title='image "./oratorumromanor00ellegoog/oratorumromanor00ellegoog_0310.png"; bbox 0 0 3367 5417; ppageno 0'>
   <div class='ocr_carea' id='block_1_1' title="bbox 1872 456 2005 530">
    <p class='ocr_par' dir='ltr' id='par_1_1' title="bbox 1872 456 2005 530">
     <span class='ocr_line' id='line_1_1' title="bbox 1872 456 2005 530; baseline -0.03 -1"><span class='ocrx_word' id='word_1_1' title='bbox 1872 456 2005 530; x_wconf 70' lang='lat'><strong>284</strong></span> 
     </span>
    </p>
   </div>
   <div class='ocr_carea' id='block_1_2' title="bbox 770 598 3115 1877">
    <p class='ocr_par' dir='ltr' id='par_1_2' title="bbox 796 598 3007 763">
     <span class='ocr_line' id='line_1_2' title="bbox 889 598 3007 682; baseline 0.002 -23"><span class='ocrx_word' id='word_1_2' title='bbox 889 601 980 660; x_wconf 78' lang='lat' dir='ltr'><strong>[d.</strong></span> <span class='ocrx_word' id='word_1_3' title='bbox 1008 602 1176 672; x_wconf 80' lang='lat' dir='ltr'><strong>vm,</strong></span> <span class='ocrx_word' id='word_1_4' title='bbox 1214 602 1272 672; x_wconf 77' lang='lat'><strong>3,</strong></span> <span class='ocrx_word' id='word_1_5' title='bbox 1303 601 1420 666; x_wconf 72' lang='lat'><strong>352</strong></span> <span class='ocrx_word' id='word_1_6' title='bbox 1454 601 1734 664; x_wconf 64' lang='lat' dir='ltr'><strong>caecilius</strong></span> <span class='ocrx_word' id='word_1_7' title='bbox 1764 601 2027 682; x_wconf 81' lang='lat' dir='ltr'><strong>(rhetor)</strong></span> <span class='ocrx_word' id='word_1_8' title='bbox 2054 612 2229 680; x_wconf 79' lang='lat' dir='ltr'><strong>putat</strong></span> <span class='ocrx_word' id='word_1_9' title='bbox 2260 620 2293 660; x_wconf 94' lang='lat' dir='ltr'><strong>a</strong></span> <span class='ocrx_word' id='word_1_10' title='bbox 2322 598 2583 662; x_wconf 75' lang='lat' dir='ltr'><strong>Sisenna</strong></span> <span class='ocrx_word' id='word_1_11' title='bbox 2615 600 2889 681; x_wconf 82' lang='lat' dir='ltr'><strong>primunr</strong></span> <span class='ocrx_word' id='word_1_12' title='bbox 2912 604 3007 664; x_wconf 85' lang='lat' dir='ltr'><strong>di·</strong></span> 
     </span>
     <span class='ocr_line' id='line_1_3' title="bbox 796 703 1591 763; baseline 0.009 -6"><span class='ocrx_word' id='word_1_13' title='bbox 796 710 958 760; x_wconf 84' lang='lat' dir='ltr'><strong>ctum</strong></span> <span class='ocrx_word' id='word_1_14' title='bbox 992 720 1124 762; x_wconf 86' lang='lat' dir='ltr'><strong>esse</strong></span> <span class='ocrx_word' id='word_1_15' title='bbox 1151 703 1382 761; x_wconf 79' lang='lat' dir='ltr'><strong>albenti</strong></span> <span class='ocrx_word' id='word_1_16' title='bbox 1406 705 1591 763; x_wconf 83' lang='lat' dir='ltr'><strong>coelo.</strong></span> 
     </span>
    </p>

    <p class='ocr_par' dir='ltr' id='par_1_3' title="bbox 791 800 3009 978">
     <span class='ocr_line' id='line_1_4' title="bbox 876 800 3009 885; baseline 0.002 -25"><span class='ocrx_word' id='word_1_17' title='bbox 876 802 1123 863; x_wconf 80' lang='lat' dir='ltr'><strong>Festus:</strong></span> <span class='ocrx_word' id='word_1_18' title='bbox 1153 803 1590 866; x_wconf 64' lang='lat' dir='ltr'><strong>Medum-reum</strong></span> <span class='ocrx_word' id='word_1_19' title='bbox 1621 805 1839 866; x_wconf 87' lang='lat' dir='ltr'><strong>melius</strong></span> <span class='ocrx_word' id='word_1_20' title='bbox 1868 817 2049 885; x_wconf 80' lang='lat' dir='ltr'><strong>quam</strong></span> <span class='ocrx_word' id='word_1_21' title='bbox 2076 802 2585 860; x_wconf 69' lang='lat' dir='ltr'><strong>meditem-cineum</strong></span> <span class='ocrx_word' id='word_1_22' title='bbox 2604 800 2859 864; x_wconf 79' lang='lat' dir='ltr'><strong>Sisenna</strong></span> <span class='ocrx_word' id='word_1_23' title='bbox 2880 803 3009 867; x_wconf 80' lang='lat' dir='ltr'><strong>dici</strong></span> 
     </span>
     <span class='ocr_line' id='line_1_5' title="bbox 791 909 990 978; baseline -0.005 -19"><span class='ocrx_word' id='word_1_24' title='bbox 791 909 990 978; x_wconf 84' lang='lat' dir='ltr'><strong>putat.</strong></span> 
     </span>
    </p>

    <p class='ocr_par' dir='ltr' id='par_1_4' title="bbox 770 1001 3115 1276">
     <span class='ocr_line' id='line_1_6' title="bbox 876 1001 3005 1084; baseline 0.001 -23"><span class='ocrx_word' id='word_1_25' title='bbox 876 1004 1079 1062; x_wconf 89' lang='lat' dir='ltr'><strong>Varro</strong></span> <span class='ocrx_word' id='word_1_26' title='bbox 1108 1003 1203 1066; x_wconf 75' lang='lat' dir='ltr'><strong>ne</strong></span> <span class='ocrx_word' id='word_1_27' title='bbox 1234 1002 1414 1080; x_wconf 81' lang='lat' dir='ltr'><strong>Ling.</strong></span> <span class='ocrx_word' id='word_1_28' title='bbox 1444 1003 1554 1064; x_wconf 87' lang='lat' dir='ltr'><strong>lat.</strong></span> <span class='ocrx_word' id='word_1_29' title='bbox 1585 1023 1727 1076; x_wconf 75' lang='lat' dir='ltr'><strong>vm,</strong></span> <span class='ocrx_word' id='word_1_30' title='bbox 1756 1001 1858 1072; x_wconf 74' lang='lat'><strong>74,</strong></span> <span class='ocrx_word' id='word_1_31' title='bbox 1888 1023 2032 1084; x_wconf 82' lang='lat' dir='ltr'><strong>pag.</strong></span> <span class='ocrx_word' id='word_1_32' title='bbox 2059 1001 2184 1065; x_wconf 75' lang='lat'><strong>446</strong></span> <span class='ocrx_word' id='word_1_33' title='bbox 2210 1001 2312 1070; x_wconf 80' lang='lat' dir='ltr'><strong>ed.</strong></span> <span class='ocrx_word' id='word_1_34' title='bbox 2343 1001 2570 1083; x_wconf 82' lang='lat' dir='ltr'><strong>Speng.</strong></span> <span class='ocrx_word' id='word_1_35' title='bbox 2596 1022 2615 1063; x_wconf 73' lang='grc' dir='ltr'><strong><em>ε</em></strong></span> <span class='ocrx_word' id='word_1_36' title='bbox 2649 1001 2862 1064; x_wconf 85' lang='lat' dir='ltr'><strong>Plures</strong></span> <span class='ocrx_word' id='word_1_37' title='bbox 2884 1023 3005 1080; x_wconf 82' lang='grc' dir='ltr'><strong>ρα-</strong></span> 
     </span>
     <span class='ocr_line' id='line_1_7' title="bbox 786 1089 3115 1178; baseline 0.002 -23"><span class='ocrx_word' id='word_1_38' title='bbox 786 1113 915 1158; x_wconf 80' lang='lat' dir='ltr'><strong>tres</strong></span> <span class='ocrx_word' id='word_1_39' title='bbox 925 1099 1222 1178; x_wconf 65' lang='lat' dir='ltr'><strong>fizmilias</strong></span> <span class='ocrx_word' id='word_1_40' title='bbox 1240 1099 1452 1161; x_wconf 83' lang='lat' dir='ltr'><strong>dicere</strong></span> <span class='ocrx_word' id='word_1_41' title='bbox 1475 1119 1598 1160; x_wconf 87' lang='lat' dir='ltr'><strong>non</strong></span> <span class='ocrx_word' id='word_1_42' title='bbox 1623 1099 1998 1169; x_wconf 82' lang='lat' dir='ltr'><strong>debuerunt,</strong></span> <span class='ocrx_word' id='word_1_43' title='bbox 2020 1099 2128 1161; x_wconf 86' lang='lat' dir='ltr'><strong>sed</strong></span> <span class='ocrx_word' id='word_1_44' title='bbox 2148 1111 2220 1159; x_wconf 89' lang='lat' dir='ltr'><strong>ut</strong></span> <span class='ocrx_word' id='word_1_45' title='bbox 2234 1097 2498 1163; x_wconf 76' lang='lat' dir='ltr'><strong>Sisenna</strong></span> <span class='ocrx_word' id='word_1_46' title='bbox 2517 1091 2765 1172; x_wconf 84' lang='lat' dir='ltr'><strong>scribit,</strong></span> <span class='ocrx_word' id='word_1_47' title='bbox 2778 1098 3003 1159; x_wconf 74' lang='lat' dir='ltr'><strong>Patres</strong></span> <span class='ocrx_word' id='word_1_48' title='bbox 3102 1089 3115 1102; x_wconf 83' lang='grc'><em>“</em></span> 
     </span>
     <span class='ocr_line' id='line_1_8' title="bbox 770 1197 2435 1276; baseline 0.002 -21"><span class='ocrx_word' id='word_1_49' title='bbox 770 1197 1197 1276; x_wconf 69' lang='lat' dir='ltr'><em>familiarum.</em></span> <span class='ocrx_word' id='word_1_50' title='bbox 2422 1207 2435 1220; x_wconf 89' lang='lat'><strong><em>‘</em></strong></span> 
     </span>
    </p>

    <p class='ocr_par' dir='ltr' id='par_1_5' title="bbox 781 1292 3009 1877">
     <span class='ocr_line' id='line_1_9' title="bbox 872 1292 3007 1373; baseline 0.001 -20"><span class='ocrx_word' id='word_1_51' title='bbox 872 1293 968 1354; x_wconf 87' lang='lat' dir='ltr'><strong>De</strong></span> <span class='ocrx_word' id='word_1_52' title='bbox 996 1312 1163 1355; x_wconf 86' lang='lat' dir='ltr'><strong>anno</strong></span> <span class='ocrx_word' id='word_1_53' title='bbox 1194 1292 1387 1355; x_wconf 81' lang='lat' dir='ltr'><strong>natali</strong></span> <span class='ocrx_word' id='word_1_54' title='bbox 1429 1297 1501 1356; x_wconf 93' lang='lat' dir='ltr'><strong>L.</strong></span> <span class='ocrx_word' id='word_1_55' title='bbox 1540 1293 1737 1360; x_wconf 90' lang='lat' dir='ltr'><strong>Corn.</strong></span> <span class='ocrx_word' id='word_1_56' title='bbox 1777 1296 2059 1359; x_wconf 66' lang='lat' dir='ltr'><strong>Sisenna·</strong></span> <span class='ocrx_word' id='word_1_57' title='bbox 2092 1293 2347 1357; x_wconf 73' lang='lat' dir='ltr'><strong>erudite</strong></span> <span class='ocrx_word' id='word_1_58' title='bbox 2365 1295 2495 1373; x_wconf 79' lang='lat' dir='ltr'><strong>egit</strong></span> <span class='ocrx_word' id='word_1_59' title='bbox 2526 1293 2878 1358; x_wconf 80' lang='lat' dir='ltr'><strong>Weichert.</strong></span> <span class='ocrx_word' id='word_1_60' title='bbox 2928 1297 3007 1364; x_wconf 74' lang='lat' dir='ltr'><strong>ass</strong></span> 
     </span>
     <span class='ocr_line' id='line_1_10' title="bbox 783 1387 3005 1476; baseline 0.001 -24"><span class='ocrx_word' id='word_1_61' title='bbox 783 1390 1044 1452; x_wconf 84' lang='lat' dir='ltr'><strong>Calvum</strong></span> <span class='ocrx_word' id='word_1_62' title='bbox 1074 1389 1141 1450; x_wconf 89' lang='lat' dir='ltr'><strong>in</strong></span> <span class='ocrx_word' id='word_1_63' title='bbox 1165 1389 1470 1472; x_wconf 81' lang='lat' dir='ltr'><strong>Reliquiis</strong></span> <span class='ocrx_word' id='word_1_64' title='bbox 1490 1407 1814 1475; x_wconf 83' lang='lat' dir='ltr'><strong>poetarum</strong></span> <span class='ocrx_word' id='word_1_65' title='bbox 1837 1413 1902 1475; x_wconf 86' lang='lat' dir='ltr'><strong>p.</strong></span> <span class='ocrx_word' id='word_1_66' title='bbox 1926 1393 2006 1457; x_wconf 80' lang='lat'><strong>99</strong></span> <span class='ocrx_word' id='word_1_67' title='bbox 2029 1413 2164 1474; x_wconf 85' lang='lat' dir='ltr'><strong>sqq.</strong></span> <span class='ocrx_word' id='word_1_68' title='bbox 2186 1392 2555 1455; x_wconf 87' lang='lat' dir='ltr'><strong>Orationum</strong></span> <span class='ocrx_word' id='word_1_69' title='bbox 2576 1387 2767 1476; x_wconf 67' lang='lat' dir='ltr'><strong>11de</strong></span> <span class='ocrx_word' id='word_1_70' title='bbox 2787 1412 3005 1475; x_wconf 85' lang='lat' dir='ltr'><strong>super·</strong></span> 
     </span>
     <span class='ocr_line' id='line_1_11' title="bbox 786 1490 3004 1575; baseline 0.001 -24"><span class='ocrx_word' id='word_1_71' title='bbox 786 1511 920 1551; x_wconf 86' lang='lat' dir='ltr'><strong>esse</strong></span> <span class='ocrx_word' id='word_1_72' title='bbox 947 1493 1243 1554; x_wconf 73' lang='lat' dir='ltr'><strong>videntur</strong></span> <span class='ocrx_word' id='word_1_73' title='bbox 1282 1490 1594 1575; x_wconf 83' lang='lat' dir='ltr'><strong>reliquiae,</strong></span> <span class='ocrx_word' id='word_1_74' title='bbox 1638 1513 1758 1556; x_wconf 81' lang='lat' dir='ltr'><strong>nec</strong></span> <span class='ocrx_word' id='word_1_75' title='bbox 1803 1495 1954 1556; x_wconf 79' lang='lat' dir='ltr'><strong>satis</strong></span> <span class='ocrx_word' id='word_1_76' title='bbox 2002 1505 2280 1567; x_wconf 86' lang='lat' dir='ltr'><strong>constat,</strong></span> <span class='ocrx_word' id='word_1_77' title='bbox 2322 1512 2461 1554; x_wconf 87' lang='lat' dir='ltr'><strong>eum</strong></span> <span class='ocrx_word' id='word_1_78' title='bbox 2500 1493 2815 1556; x_wconf 86' lang='lat' dir='ltr'><strong>orationes</strong></span> <span class='ocrx_word' id='word_1_79' title='bbox 2854 1492 3004 1555; x_wconf 84' lang='lat' dir='ltr'><strong>reli·</strong></span> 
     </span>
     <span class='ocr_line' id='line_1_12' title="bbox 785 1590 3009 1676; baseline 0.002 -25"><span class='ocrx_word' id='word_1_80' title='bbox 785 1590 1011 1670; x_wconf 72' lang='lat' dir='ltr'><strong>quisse.</strong></span> <span class='ocrx_word' id='word_1_81' title='bbox 1060 1594 1311 1654; x_wconf 87' lang='lat' dir='ltr'><strong>Incerta</strong></span> <span class='ocrx_word' id='word_1_82' title='bbox 1346 1593 1515 1655; x_wconf 89' lang='lat' dir='ltr'><strong>enim</strong></span> <span class='ocrx_word' id='word_1_83' title='bbox 1554 1593 1910 1672; x_wconf 63' lang='lat' dir='ltr'><strong>stragmenta</strong></span> <span class='ocrx_word' id='word_1_84' title='bbox 1946 1606 2230 1676; x_wconf 86' lang='lat' dir='ltr'><strong>quatuor,</strong></span> <span class='ocrx_word' id='word_1_85' title='bbox 2270 1613 2406 1673; x_wconf 74' lang='lat' dir='ltr'><strong>quoe</strong></span> <span class='ocrx_word' id='word_1_86' title='bbox 2440 1590 2781 1664; x_wconf 82' lang='lat' dir='ltr'><strong>attulimus,</strong></span> <span class='ocrx_word' id='word_1_87' title='bbox 2817 1613 2894 1656; x_wconf 86' lang='lat' dir='ltr'><strong>ex</strong></span> <span class='ocrx_word' id='word_1_88' title='bbox 2930 1595 3009 1656; x_wconf 80' lang='lat' dir='ltr'><strong>li·</strong></span> 
     </span>
     <span class='ocr_line' id='line_1_13' title="bbox 784 1683 3005 1776; baseline 0.002 -26"><span class='ocrx_word' id='word_1_89' title='bbox 784 1689 919 1752; x_wconf 88' lang='lat' dir='ltr'><strong>bris</strong></span> <span class='ocrx_word' id='word_1_90' title='bbox 947 1710 1054 1751; x_wconf 83' lang='lat' dir='ltr'><strong>xv1</strong></span> <span class='ocrx_word' id='word_1_91' title='bbox 1085 1691 1502 1754; x_wconf 84' lang='lat' dir='ltr'>Historiarum</span> <span class='ocrx_word' id='word_1_92' title='bbox 1545 1705 1839 1775; x_wconf 82' lang='lat' dir='ltr'><strong>excerpta</strong></span> <span class='ocrx_word' id='word_1_93' title='bbox 1883 1712 2013 1756; x_wconf 86' lang='lat' dir='ltr'><strong>esse</strong></span> <span class='ocrx_word' id='word_1_94' title='bbox 2050 1705 2327 1774; x_wconf 83' lang='lat' dir='ltr'><strong>possunt.</strong></span> <span class='ocrx_word' id='word_1_95' title='bbox 2372 1683 2642 1776; x_wconf 86' lang='lat' dir='ltr'><strong>[Quibus</strong></span> <span class='ocrx_word' id='word_1_96' title='bbox 2685 1692 3005 1755; x_wconf 84' lang='lat' dir='ltr'><strong>orationes</strong></span> 
     </span>
     <span class='ocr_line' id='line_1_14' title="bbox 781 1788 1188 1877; baseline -0.002 -25"><span class='ocrx_word' id='word_1_97' title='bbox 781 1788 1188 1877; x_wconf 65' lang='lat' dir='ltr'><strong>inseruerat]</strong></span> 
     </span>
    </p>
   </div>
   <div class='ocr_carea' id='block_1_3' title="bbox 1437 1931 2333 2023">
    <p class='ocr_par' dir='ltr' id='par_1_6' title="bbox 1437 1931 2333 2023">
     <span class='ocr_line' id='line_1_15' title="bbox 1437 1931 2333 2023; baseline -0.006 -20"><span class='ocrx_word' id='word_1_98' title='bbox 1437 1933 1689 2003; x_wconf 84' lang='lat' dir='ltr'>LVIII.</span> <span class='ocrx_word' id='word_1_99' title='bbox 1748 1933 1838 2023; x_wconf 81' lang='lat' dir='ltr'><strong>Q.</strong></span> <span class='ocrx_word' id='word_1_100' title='bbox 1884 1931 2333 2001; x_wconf 80' lang='lat' dir='ltr'><strong>HortensiuS.</strong></span> 
     </span>
    </p>
   </div>
   <div class='ocr_carea' id='block_1_4' title="bbox 592 2101 3007 4372">
    <p class='ocr_par' dir='ltr' id='par_1_7' title="bbox 777 2101 3005 2762">
     <span class='ocr_line' id='line_1_16' title="bbox 872 2101 3005 2191; baseline -0 -20"><span class='ocrx_word' id='word_1_101' title='bbox 872 2111 954 2191; x_wconf 90' lang='lat' dir='ltr'><strong>Q.</strong></span> <span class='ocrx_word' id='word_1_102' title='bbox 981 2109 1346 2172; x_wconf 81' lang='lat' dir='ltr'><strong>Hortensius</strong></span> <span class='ocrx_word' id='word_1_103' title='bbox 1380 2123 1560 2172; x_wconf 85' lang='lat' dir='ltr'><strong>natus</strong></span> <span class='ocrx_word' id='word_1_104' title='bbox 1583 2131 1640 2171; x_wconf 88' lang='lat' dir='ltr'><strong>a.</strong></span> <span class='ocrx_word' id='word_1_105' title='bbox 1663 2114 1746 2177; x_wconf 89' lang='lat' dir='ltr'><strong>U.</strong></span> <span class='ocrx_word' id='word_1_106' title='bbox 1768 2110 1915 2182; x_wconf 76' lang='lat'><strong>639,</strong></span> <span class='ocrx_word' id='word_1_107' title='bbox 1941 2101 2298 2189; x_wconf 61' lang='grc' dir='ltr'><strong>ρι’ὶιηιηιῆιι</strong></span> <span class='ocrx_word' id='word_1_108' title='bbox 2323 2103 2457 2169; x_wconf 75' lang='lat' dir='ltr'><strong>foro</strong></span> <span class='ocrx_word' id='word_1_109' title='bbox 2481 2108 2640 2168; x_wconf 86' lang='lat' dir='ltr'><strong>dixit</strong></span> <span class='ocrx_word' id='word_1_110' title='bbox 2659 2128 2717 2169; x_wconf 89' lang='lat' dir='ltr'><strong>a.</strong></span> <span class='ocrx_word' id='word_1_111' title='bbox 2742 2109 2823 2173; x_wconf 90' lang='lat' dir='ltr'><strong>U.</strong></span> <span class='ocrx_word' id='word_1_112' title='bbox 2844 2107 3005 2180; x_wconf 78' lang='lat'><strong>658,</strong></span> 
     </span>
     <span class='ocr_line' id='line_1_17' title="bbox 785 2205 2995 2280; baseline 0 -13"><span class='ocrx_word' id='word_1_113' title='bbox 785 2209 1196 2270; x_wconf 81' lang='lat' dir='ltr'><strong>novendecim</strong></span> <span class='ocrx_word' id='word_1_114' title='bbox 1224 2228 1422 2270; x_wconf 85' lang='lat' dir='ltr'><strong>annos</strong></span> <span class='ocrx_word' id='word_1_115' title='bbox 1451 2222 1654 2271; x_wconf 85' lang='lat' dir='ltr'><strong>natus.</strong></span> <span class='ocrx_word' id='word_1_116' title='bbox 1688 2209 1871 2270; x_wconf 85' lang='lat' dir='ltr'><strong>Diem</strong></span> <span class='ocrx_word' id='word_1_117' title='bbox 1893 2205 2051 2270; x_wconf 89' lang='lat' dir='ltr'><strong>obiit</strong></span> <span class='ocrx_word' id='word_1_118' title='bbox 2076 2229 2135 2269; x_wconf 75' lang='lat' dir='ltr'><strong>a.</strong></span> <span class='ocrx_word' id='word_1_119' title='bbox 2155 2209 2235 2274; x_wconf 89' lang='lat' dir='ltr'><strong>U.</strong></span> <span class='ocrx_word' id='word_1_120' title='bbox 2254 2206 2401 2269; x_wconf 81' lang='lat'>703:</span> <span class='ocrx_word' id='word_1_121' title='bbox 2426 2205 2565 2270; x_wconf 87' lang='lat' dir='ltr'><strong>Cic.</strong></span> <span class='ocrx_word' id='word_1_122' title='bbox 2589 2206 2771 2267; x_wconf 87' lang='lat' dir='ltr'><strong>Brut.</strong></span> <span class='ocrx_word' id='word_1_123' title='bbox 2801 2224 2863 2265; x_wconf 85' lang='lat' dir='ltr'><strong>c.</strong></span> <span class='ocrx_word' id='word_1_124' title='bbox 2890 2205 2995 2280; x_wconf 72' lang='lat'><strong>64,</strong></span> 
     </span>
     <span class='ocr_line' id='line_1_18' title="bbox 792 2300 3003 2390; baseline -0.001 -24"><span class='ocrx_word' id='word_1_125' title='bbox 792 2305 940 2370; x_wconf 81' lang='lat'><strong>229.</strong></span> <span class='ocrx_word' id='word_1_126' title='bbox 978 2300 1239 2390; x_wconf 85' lang='lat' dir='ltr'><strong>[Confer</strong></span> <span class='ocrx_word' id='word_1_127' title='bbox 1259 2307 1539 2366; x_wconf 79' lang='lat' dir='ltr'><strong>Sallierii</strong></span> <span class='ocrx_word' id='word_1_128' title='bbox 1560 2308 2170 2380; x_wconf 82' lang='lat' dir='ltr'><strong>commentationem,</strong></span> <span class='ocrx_word' id='word_1_129' title='bbox 2202 2329 2315 2368; x_wconf 85' lang='lat' dir='ltr'><strong>sur</strong></span> <span class='ocrx_word' id='word_1_130' title='bbox 2334 2307 2394 2366; x_wconf 82' lang='lat' dir='ltr'><strong>la</strong></span> <span class='ocrx_word' id='word_1_131' title='bbox 2420 2310 2520 2364; x_wconf 75' lang='lat' dir='ltr'><strong>vie</strong></span> <span class='ocrx_word' id='word_1_132' title='bbox 2541 2306 2620 2364; x_wconf 80' lang='lat' dir='ltr'><strong>de</strong></span> <span class='ocrx_word' id='word_1_133' title='bbox 2647 2305 2729 2384; x_wconf 80' lang='lat' dir='ltr'><strong>Q.</strong></span> <span class='ocrx_word' id='word_1_134' title='bbox 2748 2304 3003 2364; x_wconf 77' lang='lat' dir='ltr'><strong>Hor-ten·</strong></span> 
     </span>
     <span class='ocr_line' id='line_1_19' title="bbox 788 2399 2991 2488; baseline 0 -28"><span class='ocrx_word' id='word_1_135' title='bbox 788 2407 946 2472; x_wconf 82' lang='lat' dir='ltr'><strong>sius,</strong></span> <span class='ocrx_word' id='word_1_136' title='bbox 995 2400 1063 2465; x_wconf 89' lang='lat' dir='ltr'><strong>in</strong></span> <span class='ocrx_word' id='word_1_137' title='bbox 1096 2404 1437 2464; x_wconf 60' lang='lat' dir='ltr'><strong>Memoires</strong></span> <span class='ocrx_word' id='word_1_138' title='bbox 1476 2407 1554 2464; x_wconf 86' lang='lat' dir='ltr'><strong>de</strong></span> <span class='ocrx_word' id='word_1_139' title='bbox 1589 2404 1844 2466; x_wconf 79' lang='lat' dir='ltr'><strong>I’Acad.</strong></span> <span class='ocrx_word' id='word_1_140' title='bbox 1878 2405 1986 2464; x_wconf 82' lang='lat' dir='ltr'><strong>des</strong></span> <span class='ocrx_word' id='word_1_141' title='bbox 2012 2409 2197 2464; x_wconf 73' lang='lat' dir='ltr'><strong>inser.</strong></span> <span class='ocrx_word' id='word_1_142' title='bbox 2238 2405 2364 2467; x_wconf 79' lang='lat' dir='ltr'><strong>vol.</strong></span> <span class='ocrx_word' id='word_1_143' title='bbox 2392 2401 2506 2470; x_wconf 86' lang='lat' dir='ltr'><strong>vl,</strong></span> <span class='ocrx_word' id='word_1_144' title='bbox 2547 2425 2607 2484; x_wconf 85' lang='lat' dir='ltr'><strong>p.</strong></span> <span class='ocrx_word' id='word_1_145' title='bbox 2652 2401 2776 2464; x_wconf 84' lang='lat'><strong>500</strong></span> <span class='ocrx_word' id='word_1_146' title='bbox 2818 2399 2991 2488; x_wconf 65' lang='lat' dir='ltr'><strong>sqq]</strong></span> 
     </span>
     <span class='ocr_line' id='line_1_20' title="bbox 779 2497 2998 2584; baseline 0 -24"><span class='ocrx_word' id='word_1_147' title='bbox 779 2500 1083 2562; x_wconf 81' lang='lat' dir='ltr'><strong>Eximium</strong></span> <span class='ocrx_word' id='word_1_148' title='bbox 1101 2502 1174 2562; x_wconf 84' lang='lat' dir='ltr'><strong>L.</strong></span> <span class='ocrx_word' id='word_1_149' title='bbox 1196 2500 1272 2563; x_wconf 91' lang='lat' dir='ltr'><strong>C.</strong></span> <span class='ocrx_word' id='word_1_150' title='bbox 1292 2504 1494 2563; x_wconf 86' lang='lat' dir='ltr'><strong>Luzac</strong></span> <span class='ocrx_word' id='word_1_151' title='bbox 1516 2501 1845 2584; x_wconf 78' lang='lat' dir='ltr'><strong>specimen</strong></span> <span class='ocrx_word' id='word_1_152' title='bbox 1868 2502 2089 2564; x_wconf 81' lang='lat' dir='ltr'><strong>histor.</strong></span> <span class='ocrx_word' id='word_1_153' title='bbox 2113 2497 2454 2582; x_wconf 77' lang='lat' dir='ltr'><strong>juridicum</strong></span> <span class='ocrx_word' id='word_1_154' title='bbox 2473 2502 2549 2560; x_wconf 84' lang='lat' dir='ltr'><strong>de</strong></span> <span class='ocrx_word' id='word_1_155' title='bbox 2562 2502 2646 2583; x_wconf 86' lang='lat' dir='ltr'><strong>Q.</strong></span> <span class='ocrx_word' id='word_1_156' title='bbox 2661 2499 2998 2561; x_wconf 79' lang='lat' dir='ltr'><strong>Hortensio</strong></span> 
     </span>
     <span class='ocr_line' id='line_1_21' title="bbox 777 2595 3002 2678; baseline 0 -20"><span class='ocrx_word' id='word_1_157' title='bbox 777 2608 1061 2668; x_wconf 83' lang='lat' dir='ltr'><strong>oratore,</strong></span> <span class='ocrx_word' id='word_1_158' title='bbox 1101 2597 1428 2662; x_wconf 73' lang='lat' dir='ltr'><strong>Ciceronis</strong></span> <span class='ocrx_word' id='word_1_159' title='bbox 1449 2599 1694 2672; x_wconf 79' lang='lat' dir='ltr'><strong>aemulo,</strong></span> <span class='ocrx_word' id='word_1_160' title='bbox 1726 2596 2011 2677; x_wconf 81' lang='lat' dir='ltr'><strong>Lugduni</strong></span> <span class='ocrx_word' id='word_1_161' title='bbox 2055 2599 2272 2661; x_wconf 68' lang='lat' dir='ltr'><strong>Balar.</strong></span> <span class='ocrx_word' id='word_1_162' title='bbox 2300 2595 2490 2673; x_wconf 74' lang='lat'><strong>1810,</strong></span> <span class='ocrx_word' id='word_1_163' title='bbox 2524 2597 2739 2672; x_wconf 84' lang='lat' dir='ltr'><strong>edidit,</strong></span> <span class='ocrx_word' id='word_1_164' title='bbox 2774 2617 2854 2659; x_wconf 79' lang='lat' dir='ltr'><strong>ex</strong></span> <span class='ocrx_word' id='word_1_165' title='bbox 2883 2616 3002 2678; x_wconf 89' lang='lat' dir='ltr'><strong>qno</strong></span> 
     </span>
     <span class='ocr_line' id='line_1_22' title="bbox 777 2697 1851 2762; baseline 0.002 -3"><span class='ocrx_word' id='word_1_166' title='bbox 777 2699 970 2761; x_wconf 84' lang='lat' dir='ltr'><strong>multa</strong></span> <span class='ocrx_word' id='word_1_167' title='bbox 1001 2697 1067 2758; x_wconf 90' lang='lat' dir='ltr'><strong>in</strong></span> <span class='ocrx_word' id='word_1_168' title='bbox 1093 2715 1272 2762; x_wconf 86' lang='lat' dir='ltr'><strong>usum</strong></span> <span class='ocrx_word' id='word_1_169' title='bbox 1303 2719 1506 2762; x_wconf 87' lang='lat' dir='ltr'><strong>meum</strong></span> <span class='ocrx_word' id='word_1_170' title='bbox 1534 2699 1851 2761; x_wconf 81' lang='lat' dir='ltr'><strong>transtuii.</strong></span> 
     </span>
    </p>

    <p class='ocr_par' dir='ltr' id='par_1_8' title="bbox 773 2794 3001 3282">
     <span class='ocr_line' id='line_1_23' title="bbox 862 2794 2994 2882; baseline -0 -24"><span class='ocrx_word' id='word_1_171' title='bbox 862 2797 1019 2858; x_wconf 82' lang='lat' dir='ltr'><strong>Cum</strong></span> <span class='ocrx_word' id='word_1_172' title='bbox 1037 2796 1261 2861; x_wconf 89' lang='lat' dir='ltr'><strong>Cicero</strong></span> <span class='ocrx_word' id='word_1_173' title='bbox 1284 2800 1360 2861; x_wconf 89' lang='lat' dir='ltr'><strong>de</strong></span> <span class='ocrx_word' id='word_1_174' title='bbox 1379 2801 1697 2862; x_wconf 85' lang='lat' dir='ltr'><strong>Hortensii</strong></span> <span class='ocrx_word' id='word_1_175' title='bbox 1726 2820 1957 2882; x_wconf 82' lang='lat' dir='ltr'><strong>genere</strong></span> <span class='ocrx_word' id='word_1_176' title='bbox 1980 2798 2229 2863; x_wconf 85' lang='lat' dir='ltr'><strong>dicendi</strong></span> <span class='ocrx_word' id='word_1_177' title='bbox 2256 2794 2562 2881; x_wconf 86' lang='lat' dir='ltr'><strong>copiosius</strong></span> <span class='ocrx_word' id='word_1_178' title='bbox 2584 2818 2696 2880; x_wconf 83' lang='lat' dir='ltr'><strong>per</strong></span> <span class='ocrx_word' id='word_1_179' title='bbox 2719 2797 2994 2879; x_wconf 81' lang='lat' dir='ltr'><strong>quinque</strong></span> 
     </span>
     <span class='ocr_line' id='line_1_24' title="bbox 777 2891 2993 2982; baseline 0 -27"><span class='ocrx_word' id='word_1_180' title='bbox 777 2895 981 2975; x_wconf 87' lang='lat' dir='ltr'><strong>capita</strong></span> <span class='ocrx_word' id='word_1_181' title='bbox 1008 2897 1189 2957; x_wconf 88' lang='lat' dir='ltr'><strong>Bruti</strong></span> <span class='ocrx_word' id='word_1_182' title='bbox 1222 2891 1244 2976; x_wconf 85' lang='lat'>(</span> <span class='ocrx_word' id='word_1_183' title='bbox 1261 2916 1317 2957; x_wconf 90' lang='lat' dir='ltr'><strong>c.</strong></span> <span class='ocrx_word' id='word_1_184' title='bbox 1347 2897 1579 2982; x_wconf 70' lang='lat'>92096)</span> <span class='ocrx_word' id='word_1_185' title='bbox 1611 2898 1694 2960; x_wconf 87' lang='lat' dir='ltr'><strong>sit</strong></span> <span class='ocrx_word' id='word_1_186' title='bbox 1724 2897 1985 2971; x_wconf 75' lang='lat' dir='ltr'><strong>locutus,</strong></span> <span class='ocrx_word' id='word_1_187' title='bbox 2036 2911 2230 2958; x_wconf 83' lang='lat' dir='ltr'><strong>unum</strong></span> <span class='ocrx_word' id='word_1_188' title='bbox 2264 2905 2503 2955; x_wconf 84' lang='lat' dir='ltr'><strong>tantum</strong></span> <span class='ocrx_word' id='word_1_189' title='bbox 2532 2896 2734 2957; x_wconf 82' lang='lat' dir='ltr'><strong>locum</strong></span> <span class='ocrx_word' id='word_1_190' title='bbox 2765 2894 2993 2957; x_wconf 74' lang='lat' dir='ltr'><strong>afferre</strong></span> 
     </span>
     <span class='ocr_line' id='line_1_25' title="bbox 773 2989 2995 3077; baseline 0 -25"><span class='ocrx_word' id='word_1_191' title='bbox 773 2992 964 3065; x_wconf 75' lang='lat' dir='ltr'><strong>vohi,</strong></span> <span class='ocrx_word' id='word_1_192' title='bbox 998 2989 1067 3053; x_wconf 88' lang='lat' dir='ltr'><strong>in</strong></span> <span class='ocrx_word' id='word_1_193' title='bbox 1100 3014 1218 3074; x_wconf 90' lang='lat' dir='ltr'><strong>quo</strong></span> <span class='ocrx_word' id='word_1_194' title='bbox 1252 2993 1445 3075; x_wconf 82' lang='lat' dir='ltr'><strong>(quod</strong></span> <span class='ocrx_word' id='word_1_195' title='bbox 1488 2997 1564 3056; x_wconf 89' lang='lat' dir='ltr'><strong>ad</strong></span> <span class='ocrx_word' id='word_1_196' title='bbox 1605 2996 1989 3077; x_wconf 83' lang='lat' dir='ltr'><strong>propositum</strong></span> <span class='ocrx_word' id='word_1_197' title='bbox 2019 3014 2221 3057; x_wconf 79' lang='lat' dir='ltr'><strong>meum</strong></span> <span class='ocrx_word' id='word_1_198' title='bbox 2261 2995 2528 3055; x_wconf 84' lang='lat' dir='ltr'><strong>maxime</strong></span> <span class='ocrx_word' id='word_1_199' title='bbox 2555 2993 2861 3076; x_wconf 84' lang='lat' dir='ltr'><strong>pertinet)</strong></span> <span class='ocrx_word' id='word_1_200' title='bbox 2918 2995 2995 3055; x_wconf 80' lang='lat' dir='ltr'><strong>de</strong></span> 
     </span>
     <span class='ocr_line' id='line_1_26' title="bbox 777 3091 3001 3179; baseline -0.001 -24"><span class='ocrx_word' id='word_1_201' title='bbox 777 3091 1167 3156; x_wconf 72' lang='lat' dir='ltr'><strong>orationibus</strong></span> <span class='ocrx_word' id='word_1_202' title='bbox 1216 3096 1348 3179; x_wconf 86' lang='lat' dir='ltr'><strong>ejus</strong></span> <span class='ocrx_word' id='word_1_203' title='bbox 1394 3095 1776 3159; x_wconf 84' lang='lat' dir='ltr'><strong>mentionem</strong></span> <span class='ocrx_word' id='word_1_204' title='bbox 1826 3095 1974 3158; x_wconf 78' lang='lat' dir='ltr'><strong>fecit</strong></span> <span class='ocrx_word' id='word_1_205' title='bbox 2010 3115 2027 3156; x_wconf 71' lang='grc' dir='ltr'><strong>ε</strong></span> <span class='ocrx_word' id='word_1_206' title='bbox 2080 3095 2341 3155; x_wconf 73' lang='lat' dir='ltr'><strong>Dicendi</strong></span> <span class='ocrx_word' id='word_1_207' title='bbox 2381 3111 2572 3174; x_wconf 73' lang='lat' dir='ltr'><strong>gemes</strong></span> <span class='ocrx_word' id='word_1_208' title='bbox 2609 3096 2774 3179; x_wconf 76' lang='lat' dir='ltr'><strong>quod</strong></span> <span class='ocrx_word' id='word_1_209' title='bbox 2789 3096 3001 3174; x_wconf 56' lang='lat' dir='ltr'><strong>fiam-it</strong></span> 
     </span>
     <span class='ocr_line' id='line_1_27' title="bbox 779 3200 2997 3282; baseline -0.001 -28"><span class='ocrx_word' id='word_1_210' title='bbox 779 3202 844 3254; x_wconf 83' lang='lat' dir='ltr'><strong>in</strong></span> <span class='ocrx_word' id='word_1_211' title='bbox 885 3211 1130 3281; x_wconf 78' lang='lat' dir='ltr'><strong>utroque</strong></span> <span class='ocrx_word' id='word_1_212' title='bbox 1170 3215 1446 3258; x_wconf 81' lang='lat' dir='ltr'><strong>nostrum</strong></span> <span class='ocrx_word' id='word_1_213' title='bbox 1461 3247 1481 3272; x_wconf 87' lang='lat'><em>‚</em></span> <span class='ocrx_word' id='word_1_214' title='bbox 1529 3204 1835 3259; x_wconf 80' lang='lat' dir='ltr'><strong>orationes</strong></span> <span class='ocrx_word' id='word_1_215' title='bbox 1887 3203 2199 3282; x_wconf 80' lang='lat' dir='ltr'><strong>utriusque</strong></span> <span class='ocrx_word' id='word_1_216' title='bbox 2240 3202 2430 3256; x_wconf 82' lang='lat' dir='ltr'><strong>etiam</strong></span> <span class='ocrx_word' id='word_1_217' title='bbox 2470 3200 2736 3274; x_wconf 76' lang='lat' dir='ltr'><strong>posteris</strong></span> <span class='ocrx_word' id='word_1_218' title='bbox 2779 3200 2997 3258; x_wconf 66' lang='lat' dir='ltr'><strong>nostris</strong></span> 
     </span>
    </p>

    <p class='ocr_par' dir='ltr' id='par_1_9' title="bbox 592 3292 3007 4372">
     <span class='ocr_line' id='line_1_28' title="bbox 592 3292 2989 3370; baseline 0 -15"><span class='ocrx_word' id='word_1_219' title='bbox 592 3299 726 3369; x_wconf 77' lang='grc'><strong>169</strong></span> <span class='ocrx_word' id='word_1_220' title='bbox 783 3296 1146 3360; x_wconf 78' lang='lat' dir='ltr'><strong>indicabunt.</strong></span> <span class='ocrx_word' id='word_1_221' title='bbox 1183 3299 1491 3362; x_wconf 84' lang='lat' dir='ltr'><strong>Debemus</strong></span> <span class='ocrx_word' id='word_1_222' title='bbox 1513 3319 1664 3362; x_wconf 83' lang='lat' dir='ltr'><strong>sane</strong></span> <span class='ocrx_word' id='word_1_223' title='bbox 1688 3300 1901 3362; x_wconf 87' lang='lat' dir='ltr'><strong>dolere</strong></span> <span class='ocrx_word' id='word_1_224' title='bbox 1930 3297 2253 3361; x_wconf 83' lang='lat' dir='ltr'><strong>interitum</strong></span> <span class='ocrx_word' id='word_1_225' title='bbox 2274 3298 2624 3360; x_wconf 83' lang='lat' dir='ltr'><strong>orationum</strong></span> <span class='ocrx_word' id='word_1_226' title='bbox 2644 3292 2989 3370; x_wconf 76' lang='lat' dir='ltr'><strong>Hortensii,</strong></span> 
     </span>
     <span class='ocr_line' id='line_1_29' title="bbox 781 3390 2992 3481; baseline -0 -26"><span class='ocrx_word' id='word_1_227' title='bbox 781 3411 1044 3475; x_wconf 87' lang='lat' dir='ltr'><strong>quarum</strong></span> <span class='ocrx_word' id='word_1_228' title='bbox 1099 3395 1265 3458; x_wconf 91' lang='lat' dir='ltr'><strong>nulla</strong></span> <span class='ocrx_word' id='word_1_229' title='bbox 1309 3397 1615 3481; x_wconf 85' lang='lat' dir='ltr'><strong>particula</strong></span> <span class='ocrx_word' id='word_1_230' title='bbox 1657 3411 1887 3480; x_wconf 84' lang='lat' dir='ltr'><strong>praeter</strong></span> <span class='ocrx_word' id='word_1_231' title='bbox 1937 3417 2124 3459; x_wconf 86' lang='lat' dir='ltr'><strong>unam</strong></span> <span class='ocrx_word' id='word_1_232' title='bbox 2171 3416 2388 3459; x_wconf 82' lang='lat' dir='ltr'><strong>vocem</strong></span> <span class='ocrx_word' id='word_1_233' title='bbox 2437 3396 2597 3477; x_wconf 85' lang='lat' dir='ltr'><strong>apud</strong></span> <span class='ocrx_word' id='word_1_234' title='bbox 2640 3390 2992 3455; x_wconf 84' lang='lat' dir='ltr'><strong>Charisium</strong></span> 
     </span>
     <span class='ocr_line' id='line_1_30' title="bbox 782 3491 2995 3577; baseline 0.001 -23"><span class='ocrx_word' id='word_1_235' title='bbox 782 3505 1005 3555; x_wconf 86' lang='lat' dir='ltr'><strong>exstat.</strong></span> <span class='ocrx_word' id='word_1_236' title='bbox 1055 3491 1319 3555; x_wconf 82' lang='lat' dir='ltr'><strong>Causam</strong></span> <span class='ocrx_word' id='word_1_237' title='bbox 1363 3508 1591 3566; x_wconf 87' lang='lat' dir='ltr'><strong>autem,</strong></span> <span class='ocrx_word' id='word_1_238' title='bbox 1643 3516 1767 3557; x_wconf 87' lang='lat' dir='ltr'><strong>cur·</strong></span> <span class='ocrx_word' id='word_1_239' title='bbox 1803 3496 1971 3557; x_wconf 75' lang='lat' dir='ltr'><strong>nulla</strong></span> <span class='ocrx_word' id='word_1_240' title='bbox 2018 3493 2150 3577; x_wconf 83' lang='lat' dir='ltr'><strong>ejus</strong></span> <span class='ocrx_word' id='word_1_241' title='bbox 2191 3491 2393 3558; x_wconf 77' lang='lat' dir='ltr'><strong>aratio</strong></span> <span class='ocrx_word' id='word_1_242' title='bbox 2435 3495 2510 3554; x_wconf 90' lang='lat' dir='ltr'><strong>ad</strong></span> <span class='ocrx_word' id='word_1_243' title='bbox 2554 3505 2767 3553; x_wconf 83' lang='lat' dir='ltr'><strong>nostra</strong></span> <span class='ocrx_word' id='word_1_244' title='bbox 2810 3509 2995 3576; x_wconf 82' lang='lat' dir='ltr'><strong>nsque</strong></span> 
     </span>
     <span class='ocr_line' id='line_1_31' title="bbox 785 3577 2994 3672; baseline -0.001 -21"><span class='ocrx_word' id='word_1_245' title='bbox 785 3605 1064 3670; x_wconf 80' lang='lat' dir='ltr'><strong>tempora</strong></span> <span class='ocrx_word' id='word_1_246' title='bbox 1107 3593 1492 3672; x_wconf 80' lang='lat' dir='ltr'><strong>pervenerit,</strong></span> <span class='ocrx_word' id='word_1_247' title='bbox 1541 3589 1609 3654; x_wconf 90' lang='lat' dir='ltr'><strong>in</strong></span> <span class='ocrx_word' id='word_1_248' title='bbox 1637 3592 1909 3656; x_wconf 85' lang='lat' dir='ltr'><strong>Oratore</strong></span> <span class='ocrx_word' id='word_1_249' title='bbox 1953 3614 2010 3654; x_wconf 91' lang='lat' dir='ltr'><strong>c.</strong></span> <span class='ocrx_word' id='word_1_250' title='bbox 2054 3592 2158 3664; x_wconf 83' lang='lat'><strong>37,</strong></span> <span class='ocrx_word' id='word_1_251' title='bbox 2209 3590 2352 3661; x_wconf 80' lang='lat'><strong>132,</strong></span> <span class='ocrx_word' id='word_1_252' title='bbox 2395 3577 2702 3651; x_wconf 56' lang='lat' dir='ltr'><strong>indicavit</strong></span> <span class='ocrx_word' id='word_1_253' title='bbox 2726 3587 2994 3650; x_wconf 79' lang='lat' dir='ltr'><strong>Cicero:</strong></span> 
     </span>
     <span class='ocr_line' id='line_1_32' title="bbox 788 3686 3007 3769; baseline -0 -24"><span class='ocrx_word' id='word_1_254' title='bbox 788 3689 846 3745; x_wconf 88' lang='lat' dir='ltr'><strong><em>U</em></strong></span> <span class='ocrx_word' id='word_1_255' title='bbox 846 3703 1010 3746; x_wconf 70' lang='lat' dir='ltr'><strong>tet-er</strong></span> <span class='ocrx_word' id='word_1_256' title='bbox 1042 3689 1350 3767; x_wconf 72' lang='lat' dir='ltr'><strong>exemplis</strong></span> <span class='ocrx_word' id='word_1_257' title='bbox 1379 3690 1753 3763; x_wconf 78' lang='lat' dir='ltr'><strong>domesticis,</strong></span> <span class='ocrx_word' id='word_1_258' title='bbox 1784 3695 1906 3750; x_wconf 80' lang='lat' dir='ltr'><strong>nisi</strong></span> <span class='ocrx_word' id='word_1_259' title='bbox 1942 3712 2016 3751; x_wconf 82' lang='lat' dir='ltr'><strong>ea</strong></span> <span class='ocrx_word' id='word_1_260' title='bbox 2054 3690 2313 3769; x_wconf 78' lang='lat' dir='ltr'><strong>legisses</strong></span> <span class='ocrx_word' id='word_1_261' title='bbox 2337 3715 2358 3747; x_wconf 85' lang='lat'><strong>.-</strong></span> <span class='ocrx_word' id='word_1_262' title='bbox 2400 3703 2603 3747; x_wconf 75' lang='lat' dir='ltr'><strong>uterer</strong></span> <span class='ocrx_word' id='word_1_263' title='bbox 2636 3686 2860 3745; x_wconf 81' lang='lat' dir='ltr'><strong>alienis</strong></span> <span class='ocrx_word' id='word_1_264' title='bbox 2902 3688 3007 3745; x_wconf 78' lang='lat' dir='ltr'><strong>rel</strong></span> 
     </span>
     <span class='ocr_line' id='line_1_33' title="bbox 781 3786 2996 3870; baseline -0.004 -21"><span class='ocrx_word' id='word_1_265' title='bbox 781 3790 1049 3859; x_wconf 75' lang='lat' dir='ltr'><strong>Latinis,</strong></span> <span class='ocrx_word' id='word_1_266' title='bbox 1083 3794 1140 3847; x_wconf 85' lang='lat' dir='ltr'><strong>si</strong></span> <span class='ocrx_word' id='word_1_267' title='bbox 1184 3789 1305 3847; x_wconf 82' lang='lat' dir='ltr'><em>ulla</em></span> <span class='ocrx_word' id='word_1_268' title='bbox 1348 3795 1716 3870; x_wconf 80' lang='lat' dir='ltr'><strong>reperirem,</strong></span> <span class='ocrx_word' id='word_1_269' title='bbox 1766 3791 1871 3850; x_wconf 80' lang='lat' dir='ltr'><strong>vel</strong></span> <span class='ocrx_word' id='word_1_270' title='bbox 1898 3792 2167 3863; x_wconf 70' lang='lat' dir='ltr'><strong>Grcecis,</strong></span> <span class='ocrx_word' id='word_1_271' title='bbox 2198 3795 2260 3850; x_wconf 80' lang='lat' dir='ltr'><strong>si</strong></span> <span class='ocrx_word' id='word_1_272' title='bbox 2302 3790 2562 3852; x_wconf 49' lang='lat' dir='ltr'><strong>(ficeret.</strong></span> <span class='ocrx_word' id='word_1_273' title='bbox 2618 3786 2753 3846; x_wconf 78' lang='lat' dir='ltr'><strong>sed</strong></span> <span class='ocrx_word' id='word_1_274' title='bbox 2783 3787 2996 3845; x_wconf 71' lang='lat' dir='ltr'><strong>Crassi</strong></span> 
     </span>
     <span class='ocr_line' id='line_1_34' title="bbox 775 3885 2984 3969; baseline -0.001 -22"><span class='ocrx_word' id='word_1_275' title='bbox 775 3908 1087 3966; x_wconf 69' lang='lat' dir='ltr'><strong>perpauca</strong></span> <span class='ocrx_word' id='word_1_276' title='bbox 1131 3905 1296 3962; x_wconf 81' lang='lat' dir='ltr'><strong>sunt,</strong></span> <span class='ocrx_word' id='word_1_277' title='bbox 1332 3909 1446 3950; x_wconf 80' lang='lat' dir='ltr'><strong>nec</strong></span> <span class='ocrx_word' id='word_1_278' title='bbox 1486 3910 1562 3949; x_wconf 78' lang='lat' dir='ltr'><strong>ea</strong></span> <span class='ocrx_word' id='word_1_279' title='bbox 1586 3886 1978 3969; x_wconf 75' lang='lat' dir='ltr'><strong>judiciorum</strong></span> <span class='ocrx_word' id='word_1_280' title='bbox 2002 3911 2021 3946; x_wconf 76' lang='lat'><strong>.-</strong></span> <span class='ocrx_word' id='word_1_281' title='bbox 2062 3888 2216 3948; x_wconf 80' lang='lat' dir='ltr'><strong>nilu’l</strong></span> <span class='ocrx_word' id='word_1_282' title='bbox 2246 3888 2533 3959; x_wconf 76' lang='lat' dir='ltr'><strong>Antonii,</strong></span> <span class='ocrx_word' id='word_1_283' title='bbox 2577 3885 2739 3944; x_wconf 79' lang='lat' dir='ltr'><strong>nihil</strong></span> <span class='ocrx_word' id='word_1_284' title='bbox 2767 3887 2984 3958; x_wconf 76' lang='lat' dir='ltr'><strong>Cottoe,</strong></span> 
     </span>
     <span class='ocr_line' id='line_1_35' title="bbox 779 3986 2996 4074; baseline 0.002 -29"><span class='ocrx_word' id='word_1_285' title='bbox 779 3986 942 4049; x_wconf 77' lang='lat' dir='ltr'><strong>nihil</strong></span> <span class='ocrx_word' id='word_1_286' title='bbox 961 3990 1225 4066; x_wconf 76' lang='lat' dir='ltr'><strong>Sulpicii</strong></span> <span class='ocrx_word' id='word_1_287' title='bbox 1245 4016 1266 4048; x_wconf 88' lang='lat'><strong>.-</strong></span> <span class='ocrx_word' id='word_1_288' title='bbox 1308 3991 1543 4051; x_wconf 80' lang='lat' dir='ltr'><strong>dicebac</strong></span> <span class='ocrx_word' id='word_1_289' title='bbox 1581 3991 1713 4049; x_wconf 82' lang='lat' dir='ltr'><strong>mel</strong></span> <span class='ocrx_word' id='word_1_290' title='bbox 1718 3993 1814 4049; x_wconf 86' lang='lat' dir='ltr'><strong>ius</strong></span> <span class='ocrx_word' id='word_1_291' title='bbox 1850 4011 2033 4074; x_wconf 82' lang='lat' dir='ltr'><strong>quam</strong></span> <span class='ocrx_word' id='word_1_292' title='bbox 2066 3991 2308 4072; x_wconf 77' lang='lat' dir='ltr'><strong>scripsit</strong></span> <span class='ocrx_word' id='word_1_293' title='bbox 2336 3989 2710 4049; x_wconf 74' lang='lat' dir='ltr'><strong>Hotrensius.</strong></span> <span class='ocrx_word' id='word_1_294' title='bbox 2762 3988 2996 4049; x_wconf 75' lang='lat' dir='ltr'><strong>cicero</strong></span> 
     </span>
     <span class='ocr_line' id='line_1_36' title="bbox 781 4087 2987 4173; baseline 0 -25"><span class='ocrx_word' id='word_1_295' title='bbox 781 4087 972 4168; x_wconf 86' lang='lat' dir='ltr'><strong>igitur</strong></span> <span class='ocrx_word' id='word_1_296' title='bbox 1000 4092 1153 4171; x_wconf 87' lang='lat' dir='ltr'><strong>ipsc,</strong></span> <span class='ocrx_word' id='word_1_297' title='bbox 1190 4092 1470 4173; x_wconf 82' lang='lat' dir='ltr'><strong>quamvis</strong></span> <span class='ocrx_word' id='word_1_298' title='bbox 1500 4089 1918 4173; x_wconf 87' lang='lat' dir='ltr'><strong>eloquentiam</strong></span> <span class='ocrx_word' id='word_1_299' title='bbox 1951 4089 2271 4155; x_wconf 83' lang='lat' dir='ltr'><strong>Hortensii</strong></span> <span class='ocrx_word' id='word_1_300' title='bbox 2311 4089 2565 4153; x_wconf 86' lang='lat' dir='ltr'><strong>summis</strong></span> <span class='ocrx_word' id='word_1_301' title='bbox 2592 4089 2881 4151; x_wconf 79' lang='lat' dir='ltr'><strong>laudibus</strong></span> <span class='ocrx_word' id='word_1_302' title='bbox 2908 4089 2987 4151; x_wconf 77' lang='lat' dir='ltr'><strong>ef·</strong></span> 
     </span>
     <span class='ocr_line' id='line_1_37' title="bbox 781 4186 2985 4272; baseline 0 -26"><span class='ocrx_word' id='word_1_303' title='bbox 781 4188 996 4262; x_wconf 78' lang='lat' dir='ltr'><strong>ferret,</strong></span> <span class='ocrx_word' id='word_1_304' title='bbox 1023 4210 1354 4271; x_wconf 81' lang='lat' dir='ltr'><strong>numquam</strong></span> <span class='ocrx_word' id='word_1_305' title='bbox 1387 4205 1592 4254; x_wconf 86' lang='lat' dir='ltr'><strong>tamen</strong></span> <span class='ocrx_word' id='word_1_306' title='bbox 1616 4212 1696 4253; x_wconf 85' lang='lat' dir='ltr'><strong>ex</strong></span> <span class='ocrx_word' id='word_1_307' title='bbox 1723 4190 1855 4272; x_wconf 79' lang='lat' dir='ltr'><strong>ejus</strong></span> <span class='ocrx_word' id='word_1_308' title='bbox 1883 4186 2274 4254; x_wconf 84' lang='lat' dir='ltr'><strong>orationibus</strong></span> <span class='ocrx_word' id='word_1_309' title='bbox 2296 4188 2577 4269; x_wconf 81' lang='lat' dir='ltr'><strong>exempla</strong></span> <span class='ocrx_word' id='word_1_310' title='bbox 2602 4189 2833 4258; x_wconf 77' lang='lat' dir='ltr'><strong>attulit,</strong></span> <span class='ocrx_word' id='word_1_311' title='bbox 2851 4203 2985 4248; x_wconf 84' lang='lat' dir='ltr'><strong>cum</strong></span> 
     </span>
     <span class='ocr_line' id='line_1_38' title="bbox 783 4285 2823 4372; baseline 0.001 -28"><span class='ocrx_word' id='word_1_312' title='bbox 783 4285 859 4372; x_wconf 73' lang='lat' dir='ltr'><strong>ab</strong></span> <span class='ocrx_word' id='word_1_313' title='bbox 887 4286 1276 4349; x_wconf 80' lang='lat' dir='ltr'><strong>audientibus</strong></span> <span class='ocrx_word' id='word_1_314' title='bbox 1302 4301 1563 4360; x_wconf 86' lang='lat' dir='ltr'><strong>tantum,</strong></span> <span class='ocrx_word' id='word_1_315' title='bbox 1595 4310 1726 4352; x_wconf 76' lang='lat' dir='ltr'><strong>non</strong></span> <span class='ocrx_word' id='word_1_316' title='bbox 1746 4311 1779 4350; x_wconf 82' lang='lat' dir='ltr'><strong>a</strong></span> <span class='ocrx_word' id='word_1_317' title='bbox 1806 4289 2153 4368; x_wconf 79' lang='lat' dir='ltr'><strong>legentibus</strong></span> <span class='ocrx_word' id='word_1_318' title='bbox 2176 4309 2345 4369; x_wconf 70' lang='lat' dir='ltr'><strong>teque</strong></span> <span class='ocrx_word' id='word_1_319' title='bbox 2370 4287 2823 4369; x_wconf 81' lang='lat' dir='ltr'><strong>probarentur.</strong></span> 
     </span>
    </p>
   </div>
  </div>
 </body>
</html>
