3367 5417
1881 385 1970 464 74

818 543 1185 614 quaestorem
1210 529 1393 591 fuisse
1422 546 1482 589 a.
1512 516 1925 605 67,9,,11>(1110111
1947 526 2100 618 684.
2130 527 2207 587 In
2231 524 2590 589 consulatus
2613 525 2925 608 petitione
2950 543 3058 591 ree

818 629 1051 711 pulsus,
1083 619 1470 705 designatum
1501 625 1972 706 competitorem
1999 626 2074 686 L.
2108 625 2434 685 Murenam
2479 622 2557 685 de
2599 623 2843 685 ambitu
2886 625 3050 687 lecit

821 722 1124 809 postulari
1165 744 1205 785 a
1238 726 1315 786 L.
1352 721 1693 797 Postumio,
1739 723 1825 783 M.
1866 722 2104 786 Catone
2147 734 2212 782 et
2249 721 2390 783 Ser.
2428 718 2703 803 Sulpicio
2729 720 2883 799 filio,
2926 725 3040 785 sed

819 843 1020 896 reum,
1038 840 1181 883 cum
1199 841 1239 883 a
1252 821 1559 884 Cicerone
1577 821 1829 882 consule
1848 818 2308 891 defenderetur,
2327 817 2628 879 damnare
2653 836 2782 881 non
2806 819 3035 902 potuit.

822 923 921 982 Ita
946 916 1193 999 abjecta
1211 917 1520 979 honorum
1546 934 1678 997 spe,
1712 936 1828 998 per
1859 917 2075 978 decem
2100 915 2296 975 ferme
2327 932 2525 977 annos
2551 914 2754 977 causis
2767 916 3047 996 ,agendis

817 1028 881 1078 et
905 1018 980 1077 de
1001 1016 1146 1098 jure
1164 1014 1602 1097 respondendo
1629 1013 1831 1087 dedit3
1864 1014 1933 1075 in
1961 1030 2084 1094 quo
2105 1008 2355 1092 negotio
2386 1030 2512 1075 non
2542 1012 2741 1074 solum
2768 1014 3041 1095 singula·

820 1133 958 1175 rem
988 1111 1341 1187 scientiam,
1373 1111 1481 1173 sed
1507 1129 1721 1173 raram
1755 1111 1945 1174 etiam
1983 1108 2411 1189 integritatem
2437 1110 2778 1172 ostendisse
2805 1108 3029 1175 fertur.

822 1213 1061 1274 Auctor
1094 1210 1316 1273 Cicero
1355 1208 1628 1292 Philipp.
1673 1207 1790 1283 IX,
1829 1211 1891 1271 5.
1942 1210 2202 1271 Temere
2243 1207 2543 1269 Luzacius
2564 1207 2633 1269 in
2675 1208 3034 1290 specimine

822 1312 968 1375 hist.
1011 1310 1203 1393 jurid.
1251 1311 1328 1372 de
1353 1308 1436 1392 Q.
1464 1309 1821 1384 Hortensio,
1859 1308 2023 1371 edito
2053 1308 2250 1387 Lugd.
2277 1308 2413 1371 Bat.
2445 1307 2635 1384 1810,
2682 1327 2746 1390 p.
2780 1307 2925 1384 104,
2959 1301 3040 1373 'ex

823 1410 961 1471 loco
991 1410 1170 1469 Brut.
1208 1425 1269 1468 c.
1301 1404 1376 1466 41
1404 1402 1666 1486 colligit,
1697 1404 2040 1487 Sulpicium
2072 1425 2286 1468 causas
2303 1424 2488 1485 agere
2511 1403 2784 1467 desiisse.
2804 1404 3042 1469 Consul

823 1510 1064 1572 decimo
1091 1526 1257 1571 anno
1281 1519 1424 1590 post
1446 1507 1559 1569 fuit
1580 1513 1661 1586 (a.
1686 1507 1853 1592 702),
1877 1508 2112 1586 collega
2133 1509 2219 1568 Μ.
2247 1505 2567 1580 Marcello,
2592 1505 2707 1568 sub
2727 1505 2860 1588 ipsa
2885 1508 3039 1571 belli

826 1607 1032 1670 civilis
1070 1604 1255 1668 initia
1295 1601 1454 1687 (Cic.
1496 1605 1655 1686 Epp.
1703 1604 1784 1665 ad
1825 1604 1996 1667 divv.
2035 1604 2219 1676 VIII,
2267 1602 2356 1688 6).
2413 1605 2488 1664 In
2515 1602 2635 1666 hoc
2663 1599 3038 1683 magistratu

692 1733 709 1746 =
826 1717 1259 1769 cunctatorem
1298 1703 1588 1785 increpat
1629 1700 1865 1766 Coelius
1908 1703 1986 1765 ad
2027 1702 2398 1766 Ciceronem
2432 1699 2555 1786 (ib.
2593 1703 2777 1776 VIII,
2820 1703 2924 1778 10,
2969 1717 3037 1767 et

825 1803 1022 1890 alibi),
1053 1805 1291 1868 cumin
1313 1801 1658 1886 provinciis
1683 1802 2015 1866 sortiendis
2053 1815 2120 1863 et
2157 1804 2463 1864 Caesarem
2493 1813 2821 1865 vereretur
2849 1803 3040 1868 offen·

828 1909 1000 1981 dere,
1023 1917 1090 1966 et
1106 1901 1391 1975 Parthos,
1412 1913 1553 1983 post
1569 1897 1778 1962 Crassi
1804 1913 2072 1962 mortem
2089 1900 2286 1981 Syriae
2313 1899 2732 1975 imminentes,
2761 1901 3034 1972 timeret.

824 2002 999 2065 Bello
1016 1996 1194 2062 civili
1212 1996 1474 2061 Caesaris
1501 2009 1736 2079 partes,
1765 2010 2059 2077 tanquam
2085 1996 2444 2072 tutissimas,
2468 1999 2812 2081 amplexus,
2833 2000 3046 2065 multis

824 2093 1273 2171 consularibus,
1306 2108 1385 2160 ut.
1402 2097 1472 2157 L.
1501 2093 1809 2172 Volcatio,
1840 2096 1914 2157 L.
1939 2096 2208 2175 Caesare,
2232 2098 2400 2159 idem
2419 2096 2813 2174 facientibus,
2837 2097 3038 2164 filium

829 2201 1020 2264 etiam
1047 2198 1345 2262 Servium
1370 2196 1666 2259 adversus
1686 2197 2050 2279 Pompeium
2077 2195 2268 2261 misit.
2317 2199 2640 2282 Improbat
2665 2201 2786 2263 hoc
2813 2200 3040 2267 Cicero

829 2301 990 2381 Epp.
1026 2297 1105 2358 ad
1140 2299 1273 2358 Att.
1304 2294 1422 2370 IX,
1451 2293 1552 2360 19.
1586 2296 1739 2358 Inde
1766 2315 1806 2356 a
1828 2293 2072 2360 Caesare
2095 2297 2348 2360 Achaiae
2374 2299 2699 2381 proefectus
2726 2312 2820 2362 est
2843 2300 3037 2385 (Epp.

829 2398 912 2461 ad
938 2395 1105 2459 divv.
1133 2397 1244 2469 lv,
1269 2397 1333 2472 6,
1360 2391 1493 2477 aL),
1543 2412 1663 2477 quo
1706 2394 1844 2457 loco
1880 2394 2149 2477 scriptas
2187 2400 2537 2481 complures
2565 2400 2645 2461 ad
2669 2394 3040 2473 Ciceronem

827 2498 1114 2581 epistolas
1144 2493 1310 2559 liber
1338 2508 1595 2578 quartus
1637 2497 1717 2557 ad
1753 2496 2032 2560 diversos
2072 2499 2377 2562 continet.
2428 2502 2690 2564 Romam
2729 2521 3042 2576 reversuS,

822 2599 1156 2662 interfecto
1183 2597 1515 2671 dictatore,
1541 2615 1687 2659 cum
1715 2592 2026 2659 libertatis
2052 2597 2270 2666 amicis
2288 2601 2463 2663 stetit
2486 2597 2676 2683 (Phil.
2697 2602 2833 2677 1,1;
2857 2603 3032 2678 VIII,

826 2699 888 2770 7,
917 2699 1027 2776 al.)
1055 2697 1216 2764 etin
1244 2698 1563 2776 legatione
1599 2696 1906 2759 Mutinam
1952 2697 2032 2758 ad
2068 2699 2408 2762 Antonium
2446 2700 2806 2783 reipublicae
2833 2698 3043 2765 conci-

825 2795 1105 2861 liandum
1131 2797 1464 2880 profectus,
1492 2807 1758 2862 mortem
1785 2794 1965 2859 obiit.
2001 2800 2137 2861 Hac
2160 2801 2238 2861 de
2262 2820 2334 2863 re
2362 2800 2709 2864 honorifica
2730 2802 2799 2865 in
2821 2815 3040 2866 senatu

826 2894 1141 2957 sententia
1167 2893 1337 2956 dicta
1359 2895 1581 2958 Cicero
1608 2891 1628 2954 (
1635 2892 1991 2976 Philippica
2020 2900 2218 2971 nona)
2247 2895 2382 2978 ejus
2403 2908 2672 2960 statuam
2700 2898 2769 2961 in
2796 2897 3041 2963 Rostris

824 2996 1177 3080 ponendam
1199 2994 1462 3058 censuit.
1495 2996 1933 3073 Fragmentum
1954 2991 2384 3078 inscriptionis
2404 2996 2680 3079 ejusdem
2699 3001 2800 3061 vel
2822 2997 3038 3064 similis

828 3091 1179 3173 argumenti
1206 3091 1506 3155 habemus
1538 3091 1702 3173 apud
1737 3088 2093 3154 Reinesium
2123 3095 2363 3156 Inscrr.
2392 3114 2459 3176 p.
2486 3095 2631 3158 504.
2678 3097 2870 3160 Filius
2905 3097 3038 3181 ejus

823 3191 960 3255 Ser.
1014 3189 1328 3274 Sulpicius
1372 3206 1650 3277 paternae
1699 3188 1899 3253 laudis
1941 3192 2190 3255 aemulus
2233 3193 2743 3277 jurisprudentiae
2784 3215 3035 3280 operam

825 3289 1062 3350 dedisse
1082 3290 1356 3353 videtur.
1382 3291 1541 3352 Nam
1563 3287 1746 3350 affert
1767 3306 1845 3348 ex
1865 3305 1938 3348 eo
1957 3286 2191 3370 aliquid
2213 3290 2430 3353 Festus
2450 3292 2519 3354 iu
2540 3313 2602 3354 v.
2628 3294 2987 3373 Municeps.

912 3390 1018 3452 57.
1065 3390 1157 3462 Si,
1189 3408 1374 3470 quam
1399 3386 1742 3451 honorifice
1771 3388 1838 3447 in
1868 3386 2087 3469 primis
2107 3389 2532 3472 Quintilianus
2558 3393 2755 3456 variis
2781 3393 2939 3457 locis
2962 3396 3036 3457 de

823 3485 1098 3567 Sulpicio
1126 3484 1459 3561 existimet,
1498 3483 1984 3559 consideramus,
2016 3487 2245 3548 mirum
2268 3488 2467 3553 videri
2497 3487 2710 3573 pooeit,
2749 3493 2908 3572 quod
2937 3492 3033 3553 Ci-

825 3605 995 3658 cero,
1035 3585 1316 3668 quamvis
1341 3585 1600 3660 amicuS,
1638 3583 1845 3646 minus
1875 3606 2061 3667 quam
2088 3588 2224 3649 laus
2250 3585 2383 3669 ejus
2409 3590 2533 3653 viri
2574 3603 2639 3654 et
2679 3603 2887 3653 mutua
2925 3590 3032 3655 be·

826 3683 1183 3747 nevolentia
1199 3683 1509 3770 postulare
1526 3682 1913 3758 viderentur,
1927 3683 2271 3748 virtutibus
2286 3688 2607 3769 praemium
2630 3687 3027 3751 concesserit.

827 3777 989 3838 Nam
1031 3778 1099 3840 in
1129 3779 1497 3868 Mureniana
1539 3778 1787 3859 quidem
1829 3780 2101 3853 oratori,
2146 3794 2227 3845 τὸν
2255 3795 2384 3851 ἥττω
2422 3794 2565 3868 λόγον
2592 3795 2791 3866 κρείττω
2817 3803 3029 3849 ποιοῦντι

828 3876 1252 3958 ignoscamus,
1295 3880 1349 3943 si
1383 3880 1633 3944 civilem
1658 3877 1940 3959 Sulpicio
1969 3880 2360 3959 prudentiam
2389 3903 2516 3945 non
2545 3882 2895 3966 abjudicat,
2926 3886 3028 3947 sed

828 3998 974 4041 cum
996 3978 1179 4043 laude
1201 3975 1460 4043 militari
1487 3979 1686 4063 (cujus
1707 3977 1861 4039 alias
1885 3977 2139 4041 minime
2169 3993 2465 4063 appetens
2495 3980 2627 4065 ipse
2656 3979 2808 4061 suit)
2837 3982 3021 4048 etiam

827 4075 1246 4156 eloquentiam
1273 4077 1616 4141 concedere
1645 4093 1772 4137 non
1799 4069 2070 4137 videtur.
2119 4077 2242 4142 Sed
2273 4097 2415 4142 cum
2442 4100 2566 4144 uno
2595 4094 2838 4144 tantum
2859 4083 3024 4156 loco,

829 4175 1004 4239 Bruti
1034 4199 1094 4242 c.
1119 4178 1233 4254 40,
1256 4178 1361 4252 41,
1396 4177 1474 4240 de
1498 4177 1633 4258 ejus
1657 4175 1862 4241 literis
1890 4174 2198 4258 judicium
2239 4179 2418 4260 ferat,
2452 4179 2746 4247 eximiam
2787 4179 3032 4266 quidem

2375 4362 2402 4396 8
