3367 5417
358 599 525 660 bunc
564 597 766 658 locum
809 587 1066 676 Epodon
1113 594 1520 660 Therbeck
1549 527 1717 662 illud
1760 563 1925 657 enim
1974 593 2277 679 Torquato
2320 593 2560 653 consule

361 717 501 758 meo
529 695 688 758 nihil
724 694 892 760 aliud
917 691 1230 774 significat
1257 692 1398 771 nisi,
1422 717 1543 779 quo
1574 700 1709 777 ipse
1737 711 1914 778 natus
1936 703 2123 768 sum).
2143 693 2559 757 -Ciceroffn

361 795 558 857 Bruto
583 815 642 855 c.
680 793 785 867 68,
820 792 1002 856 239·
986 837 1001 852 .
1031 795 1106 856 1..
1138 795 1489 875 Torquatus
1514 792 1767 873 elegans
1812 794 1878 855 in
1902 791 2201 867 dicendo,
2242 790 2311 852 in
2355 790 2561 852 existi·
2616 811 2623 818 ·

359 897 589 959 ‘mando
636 894 957 956 admodum
995 897 1292 977 prudens,
1328 907 1455 957 toto
1490 914 1721 976 genere
1751 884 2164 978 perurbanus.
2208 927 2293 944 —·-
2320 893 2395 956 C.
2455 894 2559 968 76,

365 995 530 1055 2652
564 992 812 1073 Reliqui
838 1005 1006 1065 suut,
1043 989 1150 1074 qui
1177 994 1402 1056 mortui
1426 990 1573 1068 sint,
1608 994 1681 1055 L.
1715 994 2083 1074 Torquatus,
2130 1011 2309 1073 quem
2340 1003 2407 1051 tu
2438 1011 2565 1052 non

368 1103 496 1153 tam
541 1084 668 1150 cito
707 1092 1020 1151 rhetorem
1063 1087 1321 1153 dixisses
1355 1089 1504 1174 (etsi
1533 1110 1659 1152 uon
1689 1091 1905 1153 deerat
1947 1089 2210 1173 oratio),
2243 1110 2462 1170 quam,
2506 1101 2577 1150 ut

366 1186 581 1252 Greci
609 1189 851 1266 dicunt,
883 1202 1146 1253 πολιτικόν.
1191 1189 1390 1251 Erant
1421 1189 1491 1251 in
1532 1207 1607 1250 eo
1635 1185 1918 1270 plurimae
1938 1187 2138 1250 literoe
2169 1207 2287 1250 nec
2315 1206 2403 1249 eoe
2440 1188 2575 1249 vul·

373 1308 588 1368 gares‚
631 1290 739 1350 sed
779 1287 1112 1351 interiores
1159 1291 1434 1371 quoedam
1463 1301 1529 1351 et
1568 1291 1930 1364 reconditae,
1973 1285 2189 1351 divina
2227 1285 2528 1351 memoria
2554 1332 2571 1362 ,

369 1408 606 1451 summa
658 1389 992 1454 verborum
1036 1405 1100 1452 et
1148 1388 1425 1470 gravitas
1462 1402 1527 1452 et
1574 1390 1906 1469 elegantia.
1960 1392 2158 1471 Atque
2196 1390 2328 1452 haec
2368 1391 2578 1454 omnia

370 1486 515 1549 vitae
543 1487 884 1548 decorabat
907 1477 1185 1566 gra‘vitas
1213 1500 1278 1549 et
1306 1484 1662 1566 integritas.

458 1589 808 1668 Torquatus
838 1599 1066 1670 praetor
1091 1588 1204 1649 tuit
1234 1609 1294 1650 a.
1326 1590 1407 1655 U.
1443 1587 1588 1650 704.
1621 1592 1808 1650 Anno
1832 1599 2035 1650 autem
2059 1589 2178 1650 707
2212 1585 2477 1663 interiit,
2512 1600 2582 1648 ut

377 1687 616 1747 Auctor
660 1687 736 1748 de
783 1685 950 1748 bello
997 1685 1193 1747 Afric.
1247 1705 1305 1748 c.
1357 1688 1436 1749 96
1486 1697 1727 1748 narrat.
1779 1688 1870 1747 Ex
1910 1688 2123 1750 eodem
2155 1686 2297 1749 loco
2336 1686 2576 1764 elucet,

376 1783 748 1846 Ciceronem
765 1781 1025 1845 Brutum
1038 1802 1210 1844 suum
1232 1784 1430 1844 autin
1454 1783 1581 1845 fine
1603 1802 1664 1844 a.
1697 1782 1813 1844 707
1844 1796 1951 1844 aut
1977 1803 2035 1843 a.
2068 1783 2190 1845 ’708
2220 1781 2577 1843 absolvisse.

381 1879 513 1943 Alii
541 1893 611 1943 ut
637 1879 1053 1967 Bernhardy
1036 1902 1103 1943 ιιι
1147 1883 1309 1944 nist.
1342 1883 1522 1945 Rom.
1570 1882 1835 1944 litterat.
1868 1901 1928 1962 p.
1981 1881 2103 1947 299
2153 1880 2325 1943 eirca
2354 1897 2588 1952 annum

385 1981 506 2046 706
559 1979 788 2043 librum
826 1980 1232 2063 compositum
1274 1991 1523 2062 putant.
1568 1976 1871 2058 Equidem
1902 1998 2031 2041 nou
2081 1977 2344 2050 affirmo,
2391 1988 2590 2039 totum

382 2059 612 2141 librum
640 2098 806 2140 anno
837 2081 1082 2141 demum
1115 2081 1231 2142 707
1263 2077 1614 2141 consectum
1648 2097 1830 2140 eme·
1859 2073 1983 2140 alia
2011 2078 2181 2141 enim
2203 2096 2353 2159 pars
2378 2075 2591 2158 priore

380 2193 662 2262 tempore
696 2176 932 2261 scripta
962 2181 1230 2256 videtur,
1280 2193 1352 2240 ut
1398 2183 1602 2255 locus,
1651 2181 1720 2241 in
1756 2198 1877 2258 quo
1921 2179 1998 2241 de
2038 2178 2279 2242 Catone
2305 2171 2594 2245 Uticensi

380 2277 651 2358 loquitur
674 2275 840 2360 (cap.
873 2278 979 2352 31,
1012 2278 1179 2361 118),
1211 2291 1358 2341 aute
1380 2290 1646 2339 mortem
1674 2277 1832 2358 ejus,
1866 2294 2000 2356 quae
2018 2271 2280 2337 itidem
2261 2294 2330 2336 in
2358 2292 2593 2335 annum

385 2375 503 2437 707
558 2370 802 2449 incidit,
867 2374 1220 2437 necessario
1269 2374 1660 2457 conscriptus
1711 2385 1808 2436 est
1853 2395 1871 2436 ι
1922 2372 2013 2435 ibi
2070 2370 2239 2436 enim
2293 2373 2595 2438 Catonem

380 2475 592 2534 vivum
625 2471 825 2551 fingit.
865 2473 1082 2534 Eidem
1107 2489 1278 2534 anuo
1301 2475 1384 2538 U.
1427 2473 1543 2535 707
1577 2473 1681 2537 hic
1709 2472 1988 2550 dialogus
2032 2468 2361 2535 Ciceronis
2387 2465 2593 2531 vindi-

382 2586 565 2636 catur
615 2575 683 2635 in
732 2570 940 2652 Pighii
980 2574 1213 2636 Annal.
1258 2575 1385 2635 vol.
1420 2576 1545 2647 lll,
1579 2594 1642 2656 p.
1679 2573 1828 2634 459.
1869 2566 2082 2657 [Cous.
2114 2573 2389 2633 Clintou.
2425 2570 2589 2632 Fast.

386 2692 447 2753 p.
488 2671 638 2734 203.
690 2666 1067 2756 Hbs-term]

677 2886 1086 2959 LXXXIX.
1152 2888 1237 2959 C.
1306 2886 1715 2960 Scribonius
1769 2887 2014 2975 curin,
2072 2886 2159 2960 C.
2216 2889 2298 2957 F.

480 3103 617 3167 Cic.
663 3105 893 3166 Brutus
933 3122 993 3165 c.
1030 3103 1137 3179 81,
1181 3103 1306 3165 280
1340 3123 1356 3162 ε
1391 3103 1466 3162 C.
1498 3102 1690 3166 Curio
1718 3103 1810 3165 ita
1834 3100 2019 3164 facile
2045 3104 2360 3185 soluteque
2388 3101 2602 3166 verbis

391 3203 686 3276 volvebat
709 3201 862 3266 satis
876 3205 1192 3267 interdum
1212 3216 1445 3279 acutas,
1475 3200 1735 3264 crebras
1753 3201 1999 3282 quidem
2030 3215 2203 3266 certe
2231 3202 2597 3280 sententias,

391 3318 462 3367 ut
490 3304 646 3366 nihil
665 3317 870 3386 posset
898 3305 1177 3367 ornatius
1199 3323 1356 3379 esse,
1397 3301 1557 3366 nihil
1585 3302 1955 3387 expeditius.
1986 3306 2190 3384 Atque
2210 3304 2317 3366 hic
2344 3324 2382 3365 a
2411 3302 2599 3381 magi*

393 3400 540 3464 stris
580 3420 802 3482 parum
847 3400 1191 3479 iustitutuS,
1225 3413 1512 3462 naturam
1556 3400 1775 3462 habuit
1810 3398 2249 3464 admirabilem
2279 3401 2357 3462 ad
2390 3402 2602 3462 dicen·

397 3497 565 3561 dum.
604 3498 981 3559 industriam
1013 3516 1138 3560 non
1180 3517 1312 3558 sum
1340 3511 1658 3578 expertus:
1705 3498 1973 3560 studium
2011 3512 2184 3560 certe
2221 3495 2361 3560 fuit.
2395 3496 2521 3581 Qui
2551 3499 2606 3560 si

398 3618 500 3660 me
547 3596 764 3658 audire
807 3595 1124 3669 voluisset,
1178 3608 1248 3656 ut
1284 3609 1580 3676 coeperat,
1615 3597 1888 3661 bonores
1918 3617 2101 3679 quam
2131 3614 2280 3681 opes
2309 3593 2606 3678 consequi

400 3697 733 3760 maluisset.

491 3793 687 3874 Hujus
711 3792 1020 3868 Curionis,
1054 3790 1300 3875 opinor,
1334 3792 1620 3854 meminit
1646 3794 1715 3856 in
1737 3795 2021 3858 oratione
2039 3795 2305 3875 quadam
2331 3794 2605 3866 Tacitus,

409 3891 642 3955 Annal.
685 3889 804 3967 xl,
854 3893 919 3965 7,
954 3910 1091 3954 cum
1139 3889 1314 3965 dicit,
1341 3906 1634 3970 prompta
1673 3892 1791 3954 sibi
1820 3912 1958 3951 esse
2002 3893 2322 3971 exempla,
2367 3896 2609 3977 quantis

414 3993 806 4055 mercedibus
837 3991 1096 4052 Publius
1146 3990 1390 4053 Clodius
1443 4007 1545 4051 aut
1580 3992 1764 4053 Caius
1818 3992 2001 4078 Curio
2052 3996 2403 4053 concionari
2440 3992 2611 4054 soliti

416 4097 552 4154 sint.

503 4191 713 4257 schol.
745 4189 1035 4253 Ambros.
1072 4186 1284 4252 Cicer.
1311 4184 1377 4249 in
1406 4190 1479 4251 P.
1511 4188 1927 4254 Claudiumin
1956 4192 2344 4270 Argumento
2380 4212 2446 4276 p.
2488 4191 2614 4255 330
2665 4199 2810 4275 220

423 4294 526 4355 ed.
554 4289 752 4356 Orell.
791 4313 809 4349 ε
840 4289 994 4351 Tres
1034 4286 1158 4349 illis
1190 4284 1572 4372 temporibus
1619 4289 1919 4353 Curiones
1951 4281 2178 4353 illustri
2222 4294 2474 4359 nomine
2504 4311 2616 4384 ⁸ex·

2325 4405 2392 4472 43

2664 3845 2677 3909 l
