3367 5417
1391 457 1471 529 41

347 594 592 659 stravit.
629 595 871 672 Notior,
906 613 1249 676 quanquam
1276 617 1494 679 parum
1524 597 1802 668 honeste,
1837 595 1936 655 M.
1968 593 2338 677 Brutus-{qui
2357 618 2535 663 acon·

346 697 642 760 satoriam
665 697 857 758 vitam
900 697 1225 760 factitavit.
1277 694 1379 783 [V.
1413 699 1490 760 fr.
1528 718 1589 779 p.
1641 698 1756 758 131
1795 695 1921 785 sq.]
1956 696 2136 760 Gonf.
2179 697 2312 760 Cic.
2355 703 2533 763 Brut.

350 819 410 861 c.
447 797 550 870 34,
591 796 737 870 130,
778 795 961 860 Offie.
1014 799 1094 872 11,
1135 799 1238 876 14,
1263 812 1385 861 etc.
1423 800 1544 863 Sed
1590 799 1816 862 Cicero
1845 799 2149 861 invidiose
2175 799 2343 875 facit,
2376 804 2539 883 quod

350 899 564 980 inepta
583 899 809 961 Graeca
835 911 900 959 et
926 900 1205 961 Romana
1226 901 1632 982 componendi
1654 901 1991 982 cupiditate
2017 899 2183 962 hunc
2203 901 2535 975 hominem,

352 995 523 1057 nulla
551 995 811 1057 honesta
842 1006 979 1056 arte
1006 1007 1221 1059 notum
1239 1044 1255 1069 ,
1292 997 1360 1058 in
1397 997 1534 1060 loco
1563 996 1742 1058 Bruti
1778 1015 1917 1059 cuin
1952 997 2335 1062 sanctissimo
2362 1001 2546 1062 Athe-

352 1093 656 1157 niensium
684 1096 971 1178 Lycurgo
993 1110 1334 1179 comparat.

448 1192 551 1254 32.
595 1192 886 1273 Sequitur
911 1193 1013 1255 vir
1040 1193 1134 1255 his
1170 1194 1355 1273 longe
1381 1193 1683 1275 superior,
1727 1195 1810 1275 Q.
1848 1193 2118 1253 Lutatius
2149 1196 2227 1277 Q.
2253 1196 2334 1255 F.
2372 1196 2547 1256 Catu-

353 1295 452 1368 lus
462 1317 490 1368 ;
531 1294 609 1354 de
639 1313 756 1374 quo
785 1293 936 1357 s’atis
962 1293 1475 1370 testimoniorum,
1522 1307 1935 1377 proeterquam
1964 1296 2126 1375 quod
2162 1314 2266 1357 res
2297 1295 2552 1359 bellicas

356 1409 424 1459 et
459 1405 720 1457 mortem
748 1394 993 1470 attinet,
1037 1414 1164 1457 non
1194 1408 1439 1458 exstare
1467 1395 1796 1457 dolendum
1835 1407 1950 1457 est.
1983 1395 2101 1456 Hic
2128 1396 2332 1472 gentis
2356 1396 2553 1460 inter-

357 1505 664 1556 mortuam
702 1490 967 1570 gloriam
989 1492 1382 1553 instauravit.
1414 1493 1572 1553 Nam
1600 1504 1741 1571 post
1777 1490 1851 1552 C.
1901 1491 2233 1566 Lutatium,
2267 1493 2371 1572 qui
2401 1512 2549 1555 con·

358 1594 454 1655 sul
483 1592 639 1655 vitio
670 1590 869 1651 sactus
906 1608 972 1649 a.
1004 1593 1088 1655 U.
1124 1591 1245 1653 533
1278 1610 1418 1653 cum
1446 1590 1683 1667 collega
1716 1609 1785 1651 se
1813 1589 2174 1666 magistratu
2211 1591 2547 1670 abdicavit,

361 1713 545 1756 nemo
585 1694 665 1753 ad
703 1708 968 1762 summos
1006 1689 1274 1751 honores
1308 1700 1706 1771 pervenerat.
1747 1689 1843 1748 De
1886 1685 2068 1766 hujus
2093 1691 2557 1767 magistratibus

352 1811 492 1865 ‚non
512 1800 780 1862 constat,
813 1787 878 1848 εἳ
895 1787 1123 1849 sactum
1151 1788 1230 1850 ob
1258 1806 1563 1850 annorum
1584 1787 1892 1848 rationem
1913 1787 2074 1867 quod
2098 1800 2461 1867 quaestorem
2490 1809 2552 1851 a.

369 1887 522 1963 632,
563 1885 883 1947 tribunum
928 1884 1073 1958 637,
1107 1885 1345 1946 oedilem
1374 1885 1525 1958 641,
1555 1896 1885 1965 praetorem
1917 1883 2063 1955 645,
2097 1884 2248 1946 facit
2275 1885 2551 1964 Pighius.

364 1989 519 2048 Nam
552 1982 1034 2045 consulatum-a.
1083 1981 1203 2043 647
1249 1982 1473 2063 petisse
1506 1994 1569 2043 et
1607 1980 1703 2043 bis
1741 1980 2051 2061 repulsum
2080 1981 2151 2044 C.
2189 1982 2381 2044 Atilio
2416 1984 2557 2047 Ser-

363 2101 548 2153 rano,
581 2078 833 2159 quinon
860 2077 1026 2139 omni
1056 2077 1272 2138 saltem
1308 2076 1487 2138 laude
1517 2089 1786 2148 careret,
1831 2077 1938 2138 sed
1966 2075 2154 2137 etiam
2181 2076 2302 2139 Cn.
2325 2078 2558 2142 Manlio

363 2181 458 2264 (a.
493 2179 659 2261 648)
689 2173 1127 2258 posthabitum,
1172 2174 1412 2238 homini
1450 2175 1583 2238 sine
1607 2176 1880 2255 ingenio,
1923 2175 2056 2237 sine
2085 2174 2338 2251 virtute,
2385 2178 2558 2241 deni-

365 2297 487 2359 que
523 2295 603 2337 ne
626 2273 830 2352 gratia
862 2273 1109 2354 quidem
1137 2285 1244 2334 aut
1262 2272 1547 2355 populari
1569 2273 1751 2335 laude
1777 2270 2050 2344 florenti,
2085 2272 2330 2335 disertis
2348 2274 2560 2337 verbis

364 2387 568 2438 exstat
593 2373 754 2455 apud
789 2369 922 2433 Cic.
955 2370 1068 2434 Or.
1114 2389 1231 2452 pro
1275 2371 1487 2433 Planc.
1534 2391 1588 2433 c.
1624 2370 1699 2446 5,
1738 2371 1846 2452 qui
1874 2370 2069 2432 multa
2096 2371 2188 2432 ibi
2223 2372 2558 2452 insignium

364 2475 753 2558 repulsarum
774 2472 1051 2553 exempla
1078 2468 1341 2550 colligit.
1388 2473 1617 2534 Consul
1648 2474 1892 2534 demum
1923 2491 2064 2534 cum
2092 2473 2290 2534 Mario
2319 2493 2382 2536 a.
2435 2474 2549 2537 651

365 2576 593 2650 factus,
634 2584 772 2656 post
813 2571 1239 2651 magistratum
1268 2585 1602 2653 prorogato
1652 2572 1917 2655 imperio
1943 2572 2011 2633 in
2039 2572 2397 2635 societatem
2434 2574 2562 2638 lau-

368 2678 518 2739 dum
545 2674 620 2738 C.
649 2671 858 2745 Marii,
892 2669 1120 2734 veteris
1149 2670 1422 2750 collegae,
1455 2671 1765 2752 pervenit.
1792 2672 1914 2734 Sed
1950 2692 2149 2755 neque
2173 2671 2326 2748 haec,
2361 2694 2565 2755 neque

368 2787 664 2848 mortem,
697 2770 798 2835 cui
823 2789 933 2832 sua
963 2770 1102 2832 vice
1125 2771 1457 2834 crudeliter
1484 2783 1848 2855 parentatus
1864 2773 2031 2836 Sulla
2062 2771 2294 2835 dicitur
2322 2793 2421 2856 ap.
2460 2773 2564 2836 Se-

373 2894 597 2940 necam
622 2875 718 2934 De
738 2873 838 2934 ira
860 2872 952 2933 111
974 2918 997 2945 ,
1033 2871 1144 2955 18„
1178 2892 1377 2953 neque
1403 2875 1536 2954 ejus
1561 2885 1958 2936 monumenta
1975 2922 1992 2950 ,
2041 2875 2108 2936 in
2133 2873 2349 2958 primis
2375 2876 2568 2957 porti-

376 2992 520 3035 cum
548 2988 708 3051 soepe
734 2968 1024 3030 Ciceroni
1052 2981 1475 3044 memoratam,
1510 2969 1663 3031 satis
1686 2969 1848 3031 notis
1870 2982 2190 3033 auctorum
2202 2971 2570 3034 testimoniis

375 3066 846 3131 cumulabimus.
879 3065 1004 3128 Sed
1029 3062 1362 3126 eruditioni
1390 3079 1454 3127 et
1479 3063 1851 3127 humanitati
1878 3065 2081 3129 Catuli
2109 3087 2315 3142 verae,
2369 3079 2440 3127 ut
2465 3068 2558 3127 vi·

375 3169 581 3243 detur,
622 3164 831 3228 multis
864 3163 1019 3228 locis
1056 3164 1266 3225 laudes
1293 3162 1534 3227 tribuit.
1583 3166 1805 3229 Graece
1845 3165 2259 3227 doctissimum
2297 3165 2450 3226 facit
2473 3165 2571 3224 De

376 3277 540 3328 orat.
575 3265 658 3339 11,
690 3263 759 3328 72
792 3262 1012 3324 multas
1037 3260 1254 3322 literas
1274 3259 1812 3342 suavissimumque
1835 3282 1975 3324 cum
2002 3281 2238 3324 summa
2262 3260 2573 3341 gravitate

379 3384 575 3444 genus
631 3362 877 3425 dicendi
932 3361 1240 3446 praecipue
1296 3361 1507 3424 Latini
1568 3363 1873 3425 sermonis
1946 3376 2011 3438 et
2072 3362 2576 3445 appellandarum

381 3463 707 3526 literarum
740 3461 1061 3542 elegantiae
1089 3459 1374 3541 junctum
1422 3463 1482 3523 ei
1535 3461 1913 3545 adscriptum
1958 3465 2231 3527 videmus
2270 3464 2451 3523 Brut.
2512 3478 2572 3521 c.

385 3561 514 3634 35,
569 3561 666 3622 De
721 3574 880 3623 orat.
941 3559 1051 3634 111,
1113 3559 1194 3621 38
1253 3555 1436 3636 (coll.
1489 3558 1755 3640 Quintil.
1817 3562 1947 3633 XI,
2002 3562 2089 3633 3,
2150 3559 2291 3642 35),
2338 3568 2579 3619 rectum

385 3669 594 3719 antem
642 3667 707 3718 et
747 3654 1071 3738 pulchrum
1128 3651 1487 3732 assequendi
1527 3651 1793 3713 studium
1837 3657 1961 3717 Pro
2005 3654 2195 3716 Arch.
2252 3671 2312 3714 c.
2380 3653 2453 3733 35
2516 3669 2587 3715 ut

386 3756 573 3838 plane
630 3754 885 3818 Loelium
949 3750 1149 3811 visum
1191 3769 1322 3814 esse
1365 3748 1508 3830 jure
1553 3750 1986 3829 pronuntietur
2032 3751 2274 3814 Tuscul.
2329 3754 2407 3826 V,
2471 3754 2572 3816 19.

387 3855 573 3920 Unde
624 3849 1006 3934 elegantibus
1057 3846 1189 3929 ejus
1234 3844 1435 3909 literis
1475 3846 1644 3908 dedit
1706 3847 1926 3912 Cieero
1943 3893 1961 3922 ,
2024 3851 2185 3930 quod
2226 3849 2577 3933 disputatio-

391 3954 495 4016 nis
530 3956 626 4017 De
662 3969 912 4019 oratore
942 3943 1186 4036 partem
1228 3949 1463 4014 habere
1506 3949 1721 4011 voluit.
1757 3953 1898 4016 Non
1933 3951 2150 4032 exigua
2178 3953 2489 4031 elegantia
2514 3950 2584 4012 in

394 4054 633 4117 dnobus
658 4055 779 4118 illis
805 4051 1270 4137 epigrammatis
1303 4052 1508 4114 inesse
1535 4051 1806 4124 videtur,
1858 4072 1991 4134 quae
2016 4054 2178 4136 apud
2206 4055 2285 4114 Α.
2315 4051 2589 4117 Gellium

396 4153 577 4229 xtx,
612 4152 675 4225 9,
707 4164 772 4214 et
797 4150 932 4213 Cic.
961 4152 1057 4213 De
1086 4163 1218 4213 nat.
1245 4149 1420 4212 deor.
1476 4150 1531 4222 1,
1564 4147 1667 4224 28,
1696 4161 1961 4213 exstant.
1995 4150 2287 4215 Ceterum
2309 4148 2589 4211 carmina

2302 4260 2338 4321 6
