3367 5417
1815 473 1957 544 350

1299 767 1560 842 XCVI.
1616 767 1934 842 Tiberius
1968 768 2153 842 Nero
2186 768 2451 842 Caesar.

857 1010 1148 1077 Obtinuit
1169 1013 1502 1096 imperium
1528 1033 1593 1074 a.
1618 1016 1701 1081 U.
1729 1010 1875 1083 766,
1902 1032 1966 1093 p.
1992 1010 2145 1074 Chr.
2179 1011 2281 1071 14.

857 1111 1032 1174 Suet.
1068 1108 1285 1173 Tiber.
1323 1130 1384 1172 c.
1407 1109 1533 1171 70:
1582 1112 1772 1171 Artes
1810 1108 2102 1170 liberales
2135 1108 2453 1189 utriusque
2480 1102 2736 1187 generis
2763 1105 2994 1170 studio·

773 1212 1015 1284 sissime
1034 1212 1246 1274 coluit.
1271 1213 1345 1273 In
1364 1210 1650 1274 oratione
1667 1208 1869 1274 latina
1885 1222 2133 1296 secutus
2147 1221 2241 1271 est
2255 1204 2598 1273 Corvinum
2616 1208 2988 1284 Messallam,

773 1328 956 1391 quem
982 1327 1197 1371 senem
1228 1308 1585 1370 adolescens
1612 1308 2083 1370 observaverat.
2126 1307 2247 1370 Sed
2277 1302 2674 1369 affectatione
2701 1320 2768 1369 et
2791 1327 2993 1369 moro·

769 1406 957 1470 nitate
986 1402 1181 1467 nimia
1210 1404 1591 1468 obscurabat
1616 1404 1848 1480 stilum,
1881 1417 1952 1465 ut
1981 1400 2300 1486 aliquanto
2328 1422 2405 1465 ex
2435 1415 2716 1485 tempore
2745 1423 2928 1485 quam
2957 1426 2995 1467 a

774 1522 929 1565 cura
953 1503 1347 1588 praestantior
1372 1503 1737 1566 haberetur.

857 1605 1064 1666 Tacit.
1092 1609 1261 1666 Ann.
1291 1605 1474 1678 xm,
1503 1604 1579 1668 3:
1614 1603 1906 1666 Dictator
1922 1601 2130 1665 Cmar
2155 1599 2410 1664 summis
2437 1598 2794 1664 oratoribus
2813 1623 2996 1665 aemu·

774 1698 908 1774 lus,
941 1712 1006 1763 et
1042 1705 1316 1780 Augusto
1344 1713 1633 1784 prompta
1661 1719 1738 1762 ac
1767 1696 2115 1781 profluens,
2149 1717 2283 1779 quae
2310 1698 2560 1761 deceret
2600 1696 2955 1784 principem
2975 1749 2992 1777 ‚

580 1807 719 1882 332
770 1797 1126 1879 eloquentia
1152 1795 1290 1860 fuit.
1342 1799 1634 1862 Tiberius
1661 1811 1866 1860 artem
1898 1815 2143 1878 quoque
2175 1795 2475 1872 callebat,
2513 1816 2635 1876 qua
2666 1795 2863 1859 verba
2889 1818 2990 1861 ex·

768 1897 1095 1977 penderet,
1119 1911 1254 1958 tum
1279 1899 1520 1959 validus
1548 1894 1828 1958 sensibus
1855 1909 1961 1956 aut
1989 1893 2271 1960 consulto
2302 1893 2649 1974 ambiguus.
2682 1894 2890 1955 Etiam
2912 1895 2986 1958 C.

762 1987 1029 2057 Coesaris
1052 1995 1306 2059 turbata
1334 2016 1508 2060 mens
1543 1995 1670 2056 vim
1695 1992 1945 2055 dicendi
1973 2011 2102 2055 non
2121 1993 2426 2076 corrupit.
2455 1994 2587 2058 Nec
2606 1991 2673 2053 in
2695 1992 2982 2069 Claudio,

764 2096 1050 2178 quotiens
1071 2098 1367 2161 meditata
1391 2097 1753 2171 dissereret,
1781 2094 2158 2174 elegantiam
2180 2095 2557 2175 requireres.

845 2196 1014 2260 Suet.
1042 2197 1268 2262 Octav.
1304 2218 1361 2259 c.
1389 2195 1509 2259 86:
1545 2196 1878 2258 Cacozelos
1898 2208 1964 2256 et
1983 2194 2369 2280 antiquarios
2391 2207 2459 2255 ut
2485 2193 2736 2256 diverso
2756 2214 2990 2276 genere

763 2292 1023 2360 vitiosos
1063 2298 1202 2378 pari
1242 2296 1487 2359 fastidio
1516 2293 1756 2378 sprevit
1793 2299 2107 2376 Augustus
2125 2341 2141 2368 ,
2190 2293 2664 2376 exagitabatque
2697 2312 2981 2360 nonnun-

764 2412 974 2474 quam,
998 2387 1294 2474 inprimis
1323 2392 1723 2456 Maecenatem
1751 2411 1951 2452 suum.
1982 2389 2102 2452 Sed
2136 2409 2253 2453 nec
2271 2389 2526 2453 Tiberio
2557 2388 2760 2473 parcit
2784 2403 2851 2452 et
2878 2411 2983 2453 ex·

766 2491 994 2552 soletas
1016 2490 1330 2552 interdum
1354 2505 1421 2553 et
1442 2490 1798 2553 reconditas
1817 2509 2004 2554 voces
2028 2489 2386 2572 aucupanti.

853 2589 946 2649 ld.
971 2584 1184 2649 Tiber'.
1211 2607 1270 2650 c.
1299 2591 1376 2652 8:
1409 2585 1702 2652 Civilium
1732 2584 2078 2649 officiorum
2110 2582 2489 2648 rudimentis
2515 2604 2732 2664 regem
2750 2583 2989 2646 Arche·

766 2686 956 2758 laum,
991 2683 1342 2747 Trallianos
1368 2697 1434 2748 et
1463 2683 1817 2758 Thessalos,
1845 2684 2021 2746 varia
2051 2702 2324 2763 quosque
2347 2683 2426 2745 de
2446 2699 2686 2757 caussa,
2708 2685 2987 2763 Angusto

766 2798 1182 2865 cognoscente
1215 2775 1508 2868 defendit.
1561 2789 1686 2848 Pro
1721 2785 2109 2855 Laodicenis,
2148 2782 2553 2864 Thyatirenis,
2579 2781 2765 2844 Chiis
2799 2799 2985 2845 terrae

765 2898 931 2942 motu
972 2879 1229 2964 affictis
1273 2902 1580 2966 opemque
1619 2881 2100 2964 implorantibus
2143 2895 2427 2941 sanatum
2468 2881 2835 2959 depr-ecam
2869 2897 2980 2942 ese.

765 2983 1073 3041 Famzium
1097 2982 1483 3059 Coepionem,
1509 2983 1614 3064 qni
1642 3003 1784 3046 cum
1801 2983 2089 3043 Varrone
2107 2980 2371 3042 Murena
2386 2980 2453 3041 in
2477 2983 2820 3058 Augustum
2843 3000 2987 3044 con·

761 3079 1140 3162 spiraverat,
1167 3100 1337 3140 reum
1363 3078 1704 3162 majestatis
1727 3081 1890 3160 apud
1892 3076 2146 3161 judices
2150 3080 2312 3158 fecit
2314 3125 2335 3152 ,
2359 3091 2423 3139 et
2442 3079 2908 3142 condemnavit.

846 3178 944 3237 Id.
972 3176 1062 3238 ib.
1091 3196 1150 3239 o.
1179 3177 1292 3239 67:
1333 3181 1420 3245 Ut
1447 3178 1781 3259 imperium
1809 3172 1989 3250 iniit,
2025 3190 2091 3238 et
2126 3175 2325 3258 patris
2362 3175 2581 3258 patrie
2608 3159 2981 3258 appellatio-

763 3296 929 3350 nem,
963 3289 1029 3339 et
1056 3297 1138 3339 ne
1177 3279 1244 3340 in
1290 3292 1429 3340 acta
1470 3297 1579 3340 sua
1612 3277 1961 3359 juraretur,
1995 3275 2479 3339 obstinatissime
2504 3277 2853 3350 manavit,
2899 3294 2982 3337 ne

764 3396 908 3440 mox
939 3378 1177 3461 majore
1205 3379 1512 3440 dedecore
1541 3380 1745 3460 impar
1773 3376 1964 3439 tantis
1983 3376 2324 3438 honoribus
2353 3376 2774 3439 inveniretur.
2800 3378 2982 3460 Quod

758 3497 909 3541 sane
952 3492 1017 3541 et
1057 3499 1135 3541 ex
1181 3480 1467 3542 oratione
1508 3477 1679 3560 ejus,
1724 3497 1911 3560 quam
1951 3478 2026 3539 de
2072 3490 2335 3561 utraque
2378 3498 2451 3539 re
2491 3479 2735 3553 habuit,
2766 3475 2983 3558 colligi

760 3592 983 3662 potest,
1007 3582 1109 3642 vel
1133 3599 1273 3643 cum
1295 3582 1423 3642 ait:
1452 3582 1721 3642 similem
1745 3601 1814 3640 ce
1841 3599 2092 3659 semper
2113 3584 2210 3641 sui
2227 3583 2528 3655 ficturum,
2578 3602 2693 3642 nec
2716 3601 2982 3664 unquam

761 3696 1130 3742 mutaturum
1153 3702 1358 3742 mores
1380 3702 1545 3754 suos,
1567 3663 1861 3767 quamdiu
1882 3701 2053 3742 sanoe
2076 3687 2299 3742 mentis
2311 3682 2561 3763 fm'sset,
2585 3683 2699 3743 sed
2710 3682 2987 3760 exempli

760 3796 947 3835 causa
974 3778 1304 3837 cavendum
1332 3797 1493 3852 esse,
1522 3798 1600 3837 nc
1627 3797 1696 3838 se
1726 3792 1964 3837 senatus
1994 3781 2060 3836 in
2086 3792 2227 3837 acta
2253 3777 2612 3863 cujusquam
2638 3777 2979 3856 obligaret,

757 3880 865 3958 qui
906 3876 1110 3960 aliquo
1152 3897 1299 3938 cam
1339 3884 1568 3939 mutari
1601 3890 1837 3955 posset.
1902 3879 1982 3940 Et
2026 3895 2240 3944 rursus
2269 3897 2287 3938 ε
2338 3877 2412 3942 Si
2454 3878 2692 3961 wando
2734 3893 2976 3950 mnan,

758 3975 959 4056 inquit
983 4022 1000 4050 ‚
1051 3977 1130 4038 de
1177 3977 1448 4042 moribus
1499 3984 1658 4040 meis
1708 3979 2041 4062 &voceque
2086 3976 2268 4044 vobis
2310 3982 2520 4042 animo
2558 3978 2980 4050 dubitaveritis

759 4068 947 4156 (quod
970 4079 1329 4158 priusquam
1357 4080 1618 4147 eveniat,
1639 4090 1808 4154 apte,
1832 4090 1895 4138 ut
1931 4095 2033 4138 me
2064 4093 2385 4153 supremus
2418 4076 2543 4148 dies
2566 4074 2709 4138 hnic
2730 4091 2981 4140 mutatae

758 4188 985 4233 νοείτω
1040 4175 1115 4234 de
1167 4195 1267 4235 me
1315 4182 1576 4254 opinion
1606 4175 1860 4260 eripiat)
1894 4222 1909 4250 ,
1997 4174 2158 4238 nihil
2202 4174 2451 4242 honeris
2505 4171 2767 4257 adjiciet
2824 4174 2975 4240 milti

753 4277 958 4349 patris
991 4279 1212 4348 patrici:
1255 4276 1604 4352 appellnda,
1645 4276 1826 4336 vobis
1863 4290 2065 4337 atatem
2104 4277 2499 4356 exprobravit
2534 4292 2639 4338 aul
2679 4281 2971 4340 [emama-
