<?xml version="1.0" encoding="UTF-8"?>
<!DOCTYPE html PUBLIC "-//W3C//DTD XHTML 1.0 Transitional//EN"
    "http://www.w3.org/TR/xhtml1/DTD/xhtml1-transitional.dtd">
<html xmlns="http://www.w3.org/1999/xhtml" xml:lang="en" lang="en">
 <head>
  <title>
</title>
<meta http-equiv="Content-Type" content="text/html;charset=utf-8" />
  <meta name='ocr-system' content='tesseract 3.04.00' />
  <meta name='ocr-capabilities' content='ocr_page ocr_carea ocr_par ocr_line ocrx_word'/>
</head>
<body>
  <div class='ocr_page' id='page_1' title='image "./oratorumromanor00ellegoog/oratorumromanor00ellegoog_0118.png"; bbox 0 0 3367 5417; ppageno 0'>
   <div class='ocr_carea' id='block_1_1' title="bbox 1815 469 1903 542">
    <p class='ocr_par' dir='ltr' id='par_1_1' title="bbox 1815 469 1903 542">
     <span class='ocr_line' id='line_1_1' title="bbox 1815 469 1903 542; baseline -0.045 0"><span class='ocrx_word' id='word_1_1' title='bbox 1815 469 1903 542; x_wconf 81' lang='lat'><strong>94</strong></span> 
     </span>
    </p>
   </div>
   <div class='ocr_carea' id='block_1_2' title="bbox 753 604 2975 4349">
    <p class='ocr_par' dir='ltr' id='par_1_2' title="bbox 753 604 2975 1686">
     <span class='ocr_line' id='line_1_2' title="bbox 755 604 2967 686; baseline 0 -16"><span class='ocrx_word' id='word_1_2' title='bbox 755 620 1033 670; x_wconf 78' lang='lat' dir='ltr'><strong>mentum</strong></span> <span class='ocrx_word' id='word_1_3' title='bbox 1059 608 1242 686; x_wconf 86' lang='lat' dir='ltr'><strong>longe</strong></span> <span class='ocrx_word' id='word_1_4' title='bbox 1268 604 1516 670; x_wconf 81' lang='lat' dir='ltr'><strong>fortius.</strong></span> <span class='ocrx_word' id='word_1_5' title='bbox 1566 608 1727 671; x_wconf 86' lang='lat' dir='ltr'><strong>Nam</strong></span> <span class='ocrx_word' id='word_1_6' title='bbox 1756 622 1978 671; x_wconf 83' lang='lat' dir='ltr'><strong>eontra</strong></span> <span class='ocrx_word' id='word_1_7' title='bbox 2008 608 2315 672; x_wconf 85' lang='lat' dir='ltr'><strong>Aufidiam</strong></span> <span class='ocrx_word' id='word_1_8' title='bbox 2345 604 2607 681; x_wconf 82' lang='lat' dir='ltr'>dixisse,</span> <span class='ocrx_word' id='word_1_9' title='bbox 2654 624 2799 667; x_wconf 88' lang='lat' dir='ltr'><strong>eum</strong></span> <span class='ocrx_word' id='word_1_10' title='bbox 2825 607 2967 670; x_wconf 87' lang='lat' dir='ltr'><strong>Ser.</strong></span> 
     </span>
     <span class='ocr_line' id='line_1_3' title="bbox 753 702 2968 790; baseline -0.001 -22"><span class='ocrx_word' id='word_1_11' title='bbox 753 702 1061 788; x_wconf 76' lang='lat' dir='ltr'><strong>Sulpicius</strong></span> <span class='ocrx_word' id='word_1_12' title='bbox 1103 705 1465 767; x_wconf 73' lang='lat' dir='ltr'><strong>defenderet</strong></span> <span class='ocrx_word' id='word_1_13' title='bbox 1481 748 1498 776; x_wconf 92' lang='lat'><strong>,</strong></span> <span class='ocrx_word' id='word_1_14' title='bbox 1546 703 1745 768; x_wconf 82' lang='lat' dir='ltr'><strong>variis</strong></span> <span class='ocrx_word' id='word_1_15' title='bbox 1781 703 2166 790; x_wconf 80' lang='lat' dir='ltr'><strong>Quintiliani</strong></span> <span class='ocrx_word' id='word_1_16' title='bbox 2211 703 2365 770; x_wconf 83' lang='lat' dir='ltr'><strong>loeis</strong></span> <span class='ocrx_word' id='word_1_17' title='bbox 2408 704 2618 768; x_wconf 83' lang='lat' dir='ltr'><strong>notari</strong></span> <span class='ocrx_word' id='word_1_18' title='bbox 2636 751 2654 780; x_wconf 93' lang='lat'><strong>,</strong></span> <span class='ocrx_word' id='word_1_19' title='bbox 2709 702 2779 765; x_wconf 92' lang='lat' dir='ltr'><strong>in</strong></span> <span class='ocrx_word' id='word_1_20' title='bbox 2821 706 2968 768; x_wconf 84' lang='lat' dir='ltr'><strong>Ser.</strong></span> 
     </span>
     <span class='ocr_line' id='line_1_4' title="bbox 753 799 2974 885; baseline 0.001 -22"><span class='ocrx_word' id='word_1_21' title='bbox 753 799 1015 885; x_wconf 86' lang='lat' dir='ltr'><strong>Sulpicii</strong></span> <span class='ocrx_word' id='word_1_22' title='bbox 1043 802 1227 866; x_wconf 81' lang='lat' dir='ltr'><strong>rebus</strong></span> <span class='ocrx_word' id='word_1_23' title='bbox 1257 800 1608 866; x_wconf 77' lang='lat' dir='ltr'><strong>tractandis</strong></span> <span class='ocrx_word' id='word_1_24' title='bbox 1637 801 1981 868; x_wconf 85' lang='lat' dir='ltr'><strong>docuimus.</strong></span> <span class='ocrx_word' id='word_1_25' title='bbox 2031 807 2117 868; x_wconf 78' lang='lat' dir='ltr'><strong>At</strong></span> <span class='ocrx_word' id='word_1_26' title='bbox 2140 805 2305 867; x_wconf 84' lang='lat' dir='ltr'><strong>hanc</strong></span> <span class='ocrx_word' id='word_1_27' title='bbox 2334 821 2585 866; x_wconf 84' lang='lat' dir='ltr'><strong>causam</strong></span> <span class='ocrx_word' id='word_1_28' title='bbox 2622 822 2750 864; x_wconf 89' lang='lat' dir='ltr'><strong>non</strong></span> <span class='ocrx_word' id='word_1_29' title='bbox 2787 805 2974 865; x_wconf 87' lang='lat' dir='ltr'><strong>modo</strong></span> 
     </span>
     <span class='ocr_line' id='line_1_5' title="bbox 755 898 2974 982; baseline -0.001 -19"><span class='ocrx_word' id='word_1_30' title='bbox 755 914 907 963; x_wconf 88' lang='lat' dir='ltr'><strong>ante</strong></span> <span class='ocrx_word' id='word_1_31' title='bbox 930 912 1198 963; x_wconf 88' lang='lat' dir='ltr'><strong>mortem</strong></span> <span class='ocrx_word' id='word_1_32' title='bbox 1222 900 1510 976; x_wconf 66' lang='lat' dir='ltr'><strong>cmx-is,</strong></span> <span class='ocrx_word' id='word_1_33' title='bbox 1539 903 1652 964; x_wconf 91' lang='lat' dir='ltr'><strong>sed</strong></span> <span class='ocrx_word' id='word_1_34' title='bbox 1681 898 1877 965; x_wconf 87' lang='lat' dir='ltr'><strong>etiam</strong></span> <span class='ocrx_word' id='word_1_35' title='bbox 1902 914 2052 964; x_wconf 87' lang='lat' dir='ltr'><strong>ante</strong></span> <span class='ocrx_word' id='word_1_36' title='bbox 2078 902 2307 964; x_wconf 81' lang='lat' dir='ltr'><strong>bellum</strong></span> <span class='ocrx_word' id='word_1_37' title='bbox 2337 899 2527 964; x_wconf 76' lang='lat' dir='ltr'><strong>civile</strong></span> <span class='ocrx_word' id='word_1_38' title='bbox 2556 912 2758 962; x_wconf 77' lang='lat' dir='ltr'><strong>actam</strong></span> <span class='ocrx_word' id='word_1_39' title='bbox 2789 919 2974 982; x_wconf 89' lang='lat' dir='ltr'><strong>opor·</strong></span> 
     </span>
     <span class='ocr_line' id='line_1_6' title="bbox 756 997 2970 1082; baseline 0 -21"><span class='ocrx_word' id='word_1_40' title='bbox 756 1011 869 1077; x_wconf 87' lang='lat' dir='ltr'><strong>tet,</strong></span> <span class='ocrx_word' id='word_1_41' title='bbox 899 1019 1019 1080; x_wconf 84' lang='lat' dir='ltr'><strong>quo</strong></span> <span class='ocrx_word' id='word_1_42' title='bbox 1048 999 1253 1063; x_wconf 77' lang='lat' dir='ltr'><strong>sorum</strong></span> <span class='ocrx_word' id='word_1_43' title='bbox 1279 999 1639 1082; x_wconf 82' lang='lat' dir='ltr'><strong>eloquentia</strong></span> <span class='ocrx_word' id='word_1_44' title='bbox 1676 1002 1967 1064; x_wconf 78' lang='lat' dir='ltr'><strong>orbatum</strong></span> <span class='ocrx_word' id='word_1_45' title='bbox 2006 1019 2133 1063; x_wconf 87' lang='lat' dir='ltr'><strong>non</strong></span> <span class='ocrx_word' id='word_1_46' title='bbox 2171 1002 2365 1063; x_wconf 89' lang='lat' dir='ltr'><strong>semel</strong></span> <span class='ocrx_word' id='word_1_47' title='bbox 2390 998 2618 1065; x_wconf 86' lang='lat' dir='ltr'><strong>Cicero</strong></span> <span class='ocrx_word' id='word_1_48' title='bbox 2659 997 2970 1081; x_wconf 87' lang='lat' dir='ltr'><strong>queritur.</strong></span> 
     </span>
     <span class='ocr_line' id='line_1_7' title="bbox 754 1097 2975 1187; baseline 0.001 -26"><span class='ocrx_word' id='word_1_49' title='bbox 754 1101 852 1161; x_wconf 89' lang='lat' dir='ltr'><strong>lta</strong></span> <span class='ocrx_word' id='word_1_50' title='bbox 881 1097 1069 1162; x_wconf 88' lang='lat' dir='ltr'><strong>etiam</strong></span> <span class='ocrx_word' id='word_1_51' title='bbox 1090 1099 1521 1181; x_wconf 77' lang='lat' dir='ltr'><strong>Quintilianus</strong></span> <span class='ocrx_word' id='word_1_52' title='bbox 1539 1103 1679 1177; x_wconf 78' lang='lat' dir='ltr'><strong>xu,</strong></span> <span class='ocrx_word' id='word_1_53' title='bbox 1710 1103 1814 1175; x_wconf 90' lang='lat'><strong>11,</strong></span> <span class='ocrx_word' id='word_1_54' title='bbox 1837 1103 1942 1177; x_wconf 79' lang='lat'><strong>28,</strong></span> <span class='ocrx_word' id='word_1_55' title='bbox 1961 1122 2152 1187; x_wconf 86' lang='lat' dir='ltr'><strong>agere</strong></span> <span class='ocrx_word' id='word_1_56' title='bbox 2170 1100 2437 1185; x_wconf 85' lang='lat' dir='ltr'><strong>coepisse</strong></span> <span class='ocrx_word' id='word_1_57' title='bbox 2463 1102 2790 1163; x_wconf 77' lang='lat' dir='ltr'><strong>Messalam</strong></span> <span class='ocrx_word' id='word_1_58' title='bbox 2814 1098 2975 1164; x_wconf 87' lang='lat' dir='ltr'><strong>dicit</strong></span> 
     </span>
     <span class='ocr_line' id='line_1_8' title="bbox 756 1199 2970 1285; baseline 0 -20"><span class='ocrx_word' id='word_1_59' title='bbox 756 1214 823 1265; x_wconf 91' lang='lat' dir='ltr'><strong>et</strong></span> <span class='ocrx_word' id='word_1_60' title='bbox 839 1199 1208 1280; x_wconf 86' lang='lat' dir='ltr'><strong>Pollionem,</strong></span> <span class='ocrx_word' id='word_1_61' title='bbox 1235 1224 1374 1266; x_wconf 88' lang='lat' dir='ltr'><strong>cum</strong></span> <span class='ocrx_word' id='word_1_62' title='bbox 1392 1203 1618 1267; x_wconf 87' lang='lat' dir='ltr'><strong>Cicero</strong></span> <span class='ocrx_word' id='word_1_63' title='bbox 1636 1223 1851 1268; x_wconf 84' lang='lat' dir='ltr'><strong>arcem</strong></span> <span class='ocrx_word' id='word_1_64' title='bbox 1878 1201 2245 1285; x_wconf 74' lang='lat' dir='ltr'><strong>eloquentiae</strong></span> <span class='ocrx_word' id='word_1_65' title='bbox 2271 1215 2539 1266; x_wconf 82' lang='lat' dir='ltr'><strong>teneret.</strong></span> <span class='ocrx_word' id='word_1_66' title='bbox 2570 1202 2690 1266; x_wconf 86' lang='lat' dir='ltr'><strong>Sed</strong></span> <span class='ocrx_word' id='word_1_67' title='bbox 2707 1202 2970 1265; x_wconf 84' lang='lat' dir='ltr'><strong>Lentulo</strong></span> 
     </span>
     <span class='ocr_line' id='line_1_9' title="bbox 758 1296 2973 1385; baseline -0 -23"><span class='ocrx_word' id='word_1_68' title='bbox 758 1312 825 1363; x_wconf 89' lang='lat' dir='ltr'><strong>et</strong></span> <span class='ocrx_word' id='word_1_69' title='bbox 848 1300 1148 1362; x_wconf 79' lang='lat' dir='ltr'><strong>Marcello</strong></span> <span class='ocrx_word' id='word_1_70' title='bbox 1173 1302 1379 1377; x_wconf 67' lang='lat' dir='ltr'><strong>Coss„</strong></span> <span class='ocrx_word' id='word_1_71' title='bbox 1410 1300 1633 1383; x_wconf 88' lang='lat' dir='ltr'><strong>quibus</strong></span> <span class='ocrx_word' id='word_1_72' title='bbox 1671 1300 1861 1364; x_wconf 81' lang='lat' dir='ltr'><strong>civile</strong></span> <span class='ocrx_word' id='word_1_73' title='bbox 1899 1301 2132 1365; x_wconf 89' lang='lat' dir='ltr'><strong>bellum</strong></span> <span class='ocrx_word' id='word_1_74' title='bbox 2171 1303 2415 1385; x_wconf 82' lang='lat' dir='ltr'><strong>erupit,</strong></span> <span class='ocrx_word' id='word_1_75' title='bbox 2448 1299 2714 1361; x_wconf 82' lang='lat' dir='ltr'><strong>Messala</strong></span> <span class='ocrx_word' id='word_1_76' title='bbox 2741 1319 2819 1361; x_wconf 80' lang='lat' dir='ltr'><strong>ex</strong></span> <span class='ocrx_word' id='word_1_77' title='bbox 2845 1296 2973 1361; x_wconf 91' lang='lat' dir='ltr'><strong>illis</strong></span> 
     </span>
     <span class='ocr_line' id='line_1_10' title="bbox 754 1397 2965 1486; baseline -0.002 -24"><span class='ocrx_word' id='word_1_78' title='bbox 754 1397 1111 1463; x_wconf 77' lang='lat' dir='ltr'><strong>rationibus</strong></span> <span class='ocrx_word' id='word_1_79' title='bbox 1135 1400 1529 1467; x_wconf 88' lang='lat' dir='ltr'><strong>undecimum</strong></span> <span class='ocrx_word' id='word_1_80' title='bbox 1570 1422 1803 1465; x_wconf 88' lang='lat' dir='ltr'><strong>annum</strong></span> <span class='ocrx_word' id='word_1_81' title='bbox 1842 1399 2157 1482; x_wconf 84' lang='lat' dir='ltr'><strong>ingressus</strong></span> <span class='ocrx_word' id='word_1_82' title='bbox 2196 1416 2358 1466; x_wconf 90' lang='lat' dir='ltr'><strong>erat.</strong></span> <span class='ocrx_word' id='word_1_83' title='bbox 2399 1397 2704 1486; x_wconf 86' lang='lat' dir='ltr'><strong>[Wiesius</strong></span> <span class='ocrx_word' id='word_1_84' title='bbox 2733 1399 2863 1480; x_wconf 83' lang='lat' dir='ltr'><strong>jam</strong></span> <span class='ocrx_word' id='word_1_85' title='bbox 2908 1420 2965 1462; x_wconf 89' lang='lat' dir='ltr'><strong>a.</strong></span> 
     </span>
     <span class='ocr_line' id='line_1_11' title="bbox 759 1494 2973 1582; baseline -0.003 -17"><span class='ocrx_word' id='word_1_86' title='bbox 759 1500 844 1565; x_wconf 86' lang='lat' dir='ltr'><strong>U.</strong></span> <span class='ocrx_word' id='word_1_87' title='bbox 863 1500 986 1564; x_wconf 81' lang='lat'><strong>679</strong></span> <span class='ocrx_word' id='word_1_88' title='bbox 1012 1514 1222 1562; x_wconf 90' lang='lat' dir='ltr'><strong>natum</strong></span> <span class='ocrx_word' id='word_1_89' title='bbox 1251 1503 1500 1578; x_wconf 79' lang='lat' dir='ltr'><strong>statuit3</strong></span> <span class='ocrx_word' id='word_1_90' title='bbox 1528 1501 1637 1563; x_wconf 86' lang='lat' dir='ltr'><strong>sed</strong></span> <span class='ocrx_word' id='word_1_91' title='bbox 1667 1514 2036 1580; x_wconf 83' lang='lat' dir='ltr'><strong>argumenta</strong></span> <span class='ocrx_word' id='word_1_92' title='bbox 2063 1499 2223 1582; x_wconf 85' lang='lat' dir='ltr'><strong>ejus,</strong></span> <span class='ocrx_word' id='word_1_93' title='bbox 2255 1499 2465 1563; x_wconf 88' lang='lat' dir='ltr'><strong>libello</strong></span> <span class='ocrx_word' id='word_1_94' title='bbox 2486 1517 2676 1581; x_wconf 91' lang='lat' dir='ltr'><strong>supra</strong></span> <span class='ocrx_word' id='word_1_95' title='bbox 2694 1494 2973 1559; x_wconf 86' lang='lat' dir='ltr'><strong>indicato</strong></span> 
     </span>
     <span class='ocr_line' id='line_1_12' title="bbox 758 1595 1924 1686; baseline 0.003 -30"><span class='ocrx_word' id='word_1_96' title='bbox 758 1612 1074 1673; x_wconf 83' lang='lat' dir='ltr'><strong>carentes,</strong></span> <span class='ocrx_word' id='word_1_97' title='bbox 1102 1597 1378 1682; x_wconf 82' lang='lat' dir='ltr'><strong>adjicere</strong></span> <span class='ocrx_word' id='word_1_98' title='bbox 1401 1620 1529 1663; x_wconf 91' lang='lat' dir='ltr'><strong>non</strong></span> <span class='ocrx_word' id='word_1_99' title='bbox 1553 1595 1924 1686; x_wconf 54' lang='lat' dir='ltr'><strong>potuimus]</strong></span> 
     </span>
    </p>

    <p class='ocr_par' dir='ltr' id='par_1_3' title="bbox 754 1692 2975 4349">
     <span class='ocr_line' id='line_1_13' title="bbox 844 1692 2964 1782; baseline -0.002 -23"><span class='ocrx_word' id='word_1_100' title='bbox 844 1699 950 1761; x_wconf 84' lang='lat'><strong>69.</strong></span> <span class='ocrx_word' id='word_1_101' title='bbox 997 1699 1124 1762; x_wconf 87' lang='lat' dir='ltr'><strong>Sed</strong></span> <span class='ocrx_word' id='word_1_102' title='bbox 1164 1698 1345 1764; x_wconf 76' lang='lat' dir='ltr'><strong>facile</strong></span> <span class='ocrx_word' id='word_1_103' title='bbox 1387 1697 1764 1781; x_wconf 79' lang='lat' dir='ltr'><strong>intelligitur</strong></span> <span class='ocrx_word' id='word_1_104' title='bbox 1797 1699 2096 1782; x_wconf 76' lang='lat' dir='ltr'><strong>juvenem</strong></span> <span class='ocrx_word' id='word_1_105' title='bbox 2139 1696 2394 1779; x_wconf 78' lang='lat' dir='ltr'><strong>ingenio</strong></span> <span class='ocrx_word' id='word_1_106' title='bbox 2434 1692 2964 1770; x_wconf 84' lang='lat' dir='ltr'><strong>florentissimum,</strong></span> 
     </span>
     <span class='ocr_line' id='line_1_14' title="bbox 756 1793 2971 1880; baseline -0.001 -22"><span class='ocrx_word' id='word_1_107' title='bbox 756 1793 1079 1860; x_wconf 76' lang='lat' dir='ltr'><strong>robustum</strong></span> <span class='ocrx_word' id='word_1_108' title='bbox 1099 1798 1386 1880; x_wconf 80' lang='lat' dir='ltr'><strong>juventa,</strong></span> <span class='ocrx_word' id='word_1_109' title='bbox 1419 1798 1487 1863; x_wconf 91' lang='lat' dir='ltr'><strong>in</strong></span> <span class='ocrx_word' id='word_1_110' title='bbox 1517 1801 1652 1864; x_wconf 83' lang='lat' dir='ltr'><strong>soro</strong></span> <span class='ocrx_word' id='word_1_111' title='bbox 1681 1801 1945 1875; x_wconf 91' lang='lat' dir='ltr'><strong>clarum,</strong></span> <span class='ocrx_word' id='word_1_112' title='bbox 1971 1814 2037 1862; x_wconf 87' lang='lat' dir='ltr'><strong>et</strong></span> <span class='ocrx_word' id='word_1_113' title='bbox 2062 1794 2500 1862; x_wconf 79' lang='lat' dir='ltr'><strong>vetustissimis</strong></span> <span class='ocrx_word' id='word_1_114' title='bbox 2525 1793 2775 1860; x_wconf 71' lang='lat' dir='ltr'><strong>familiae</strong></span> <span class='ocrx_word' id='word_1_115' title='bbox 2795 1796 2971 1857; x_wconf 88' lang='lat' dir='ltr'><strong>deco·</strong></span> 
     </span>
     <span class='ocr_line' id='line_1_15' title="bbox 756 1888 2975 1977; baseline 0 -26"><span class='ocrx_word' id='word_1_116' title='bbox 756 1888 934 1954; x_wconf 88' lang='lat' dir='ltr'><strong>ribus</strong></span> <span class='ocrx_word' id='word_1_117' title='bbox 978 1913 1105 1957; x_wconf 91' lang='lat' dir='ltr'><strong>non</strong></span> <span class='ocrx_word' id='word_1_118' title='bbox 1148 1893 1354 1959; x_wconf 87' lang='lat' dir='ltr'><strong>minus</strong></span> <span class='ocrx_word' id='word_1_119' title='bbox 1392 1916 1578 1977; x_wconf 87' lang='lat' dir='ltr'><strong>quam</strong></span> <span class='ocrx_word' id='word_1_120' title='bbox 1620 1896 1935 1958; x_wconf 87' lang='lat' dir='ltr'><strong>libertatis</strong></span> <span class='ocrx_word' id='word_1_121' title='bbox 1978 1915 2192 1957; x_wconf 90' lang='lat' dir='ltr'><strong>amore</strong></span> <span class='ocrx_word' id='word_1_122' title='bbox 2233 1892 2546 1975; x_wconf 82' lang='lat' dir='ltr'><strong>insignem</strong></span> <span class='ocrx_word' id='word_1_123' title='bbox 2565 1942 2582 1971; x_wconf 91' lang='lat'><strong>,</strong></span> <span class='ocrx_word' id='word_1_124' title='bbox 2625 1889 2975 1955; x_wconf 83' lang='lat' dir='ltr'><strong>triumviris</strong></span> 
     </span>
     <span class='ocr_line' id='line_1_16' title="bbox 756 1987 2971 2069; baseline -0 -20"><span class='ocrx_word' id='word_1_125' title='bbox 756 1990 913 2050; x_wconf 88' lang='lat' dir='ltr'><strong>adeo</strong></span> <span class='ocrx_word' id='word_1_126' title='bbox 954 1987 1297 2053; x_wconf 85' lang='lat' dir='ltr'><strong>timendum</strong></span> <span class='ocrx_word' id='word_1_127' title='bbox 1332 1990 1540 2054; x_wconf 80' lang='lat' dir='ltr'><strong>visum</strong></span> <span class='ocrx_word' id='word_1_128' title='bbox 1576 2011 1742 2069; x_wconf 87' lang='lat' dir='ltr'><strong>esse,</strong></span> <span class='ocrx_word' id='word_1_129' title='bbox 1786 2004 1857 2052; x_wconf 91' lang='lat' dir='ltr'><strong>ut</strong></span> <span class='ocrx_word' id='word_1_130' title='bbox 1893 2011 2036 2053; x_wconf 90' lang='lat' dir='ltr'><strong>eum</strong></span> <span class='ocrx_word' id='word_1_131' title='bbox 2077 2011 2220 2054; x_wconf 86' lang='lat' dir='ltr'><strong>cum</strong></span> <span class='ocrx_word' id='word_1_132' title='bbox 2255 1989 2547 2053; x_wconf 89' lang='lat' dir='ltr'><strong>omnibus</strong></span> <span class='ocrx_word' id='word_1_133' title='bbox 2583 1992 2714 2054; x_wconf 76' lang='lat' dir='ltr'><strong>fere</strong></span> <span class='ocrx_word' id='word_1_134' title='bbox 2748 1987 2971 2049; x_wconf 84' lang='lat' dir='ltr'><strong>iisdem</strong></span> 
     </span>
     <span class='ocr_line' id='line_1_17' title="bbox 756 2089 2967 2175; baseline 0 -25"><span class='ocrx_word' id='word_1_135' title='bbox 756 2089 1147 2154; x_wconf 81' lang='lat' dir='ltr'><strong>ornamentis</strong></span> <span class='ocrx_word' id='word_1_136' title='bbox 1177 2091 1617 2173; x_wconf 55' lang='lat' dir='ltr'><strong>praestantibus</strong></span> <span class='ocrx_word' id='word_1_137' title='bbox 1638 2091 2136 2175; x_wconf 79' lang='lat' dir='ltr'><strong>proscriberent.</strong></span> <span class='ocrx_word' id='word_1_138' title='bbox 2180 2095 2278 2157; x_wconf 91' lang='lat' dir='ltr'><strong>De</strong></span> <span class='ocrx_word' id='word_1_139' title='bbox 2303 2091 2548 2174; x_wconf 83' lang='lat' dir='ltr'><strong>reliqua</strong></span> <span class='ocrx_word' id='word_1_140' title='bbox 2581 2104 2784 2154; x_wconf 87' lang='lat' dir='ltr'><strong>autem</strong></span> <span class='ocrx_word' id='word_1_141' title='bbox 2809 2090 2967 2150; x_wconf 81' lang='lat' dir='ltr'><strong>Mes-</strong></span> 
     </span>
     <span class='ocr_line' id='line_1_18' title="bbox 758 2182 2967 2272; baseline -0.001 -23"><span class='ocrx_word' id='word_1_142' title='bbox 758 2185 904 2249; x_wconf 72' lang='lat' dir='ltr'><strong>salae</strong></span> <span class='ocrx_word' id='word_1_143' title='bbox 922 2185 1181 2268; x_wconf 83' lang='lat' dir='ltr'><strong>juventa</strong></span> <span class='ocrx_word' id='word_1_144' title='bbox 1202 2186 1363 2250; x_wconf 88' lang='lat' dir='ltr'><strong>nihil</strong></span> <span class='ocrx_word' id='word_1_145' title='bbox 1381 2209 1578 2272; x_wconf 83' lang='lat' dir='ltr'><strong>prope</strong></span> <span class='ocrx_word' id='word_1_146' title='bbox 1602 2187 1829 2253; x_wconf 85' lang='lat' dir='ltr'><strong>scitur.</strong></span> <span class='ocrx_word' id='word_1_147' title='bbox 1862 2191 2019 2252; x_wconf 87' lang='lat' dir='ltr'><strong>Nam</strong></span> <span class='ocrx_word' id='word_1_148' title='bbox 2042 2189 2276 2251; x_wconf 88' lang='lat' dir='ltr'><strong>cultum</strong></span> <span class='ocrx_word' id='word_1_149' title='bbox 2296 2187 2468 2252; x_wconf 91' lang='lat' dir='ltr'><strong>omni</strong></span> <span class='ocrx_word' id='word_1_150' title='bbox 2489 2208 2721 2269; x_wconf 80' lang='lat' dir='ltr'><strong>genere</strong></span> <span class='ocrx_word' id='word_1_151' title='bbox 2741 2182 2967 2249; x_wconf 88' lang='lat' dir='ltr'><strong>artium</strong></span> 
     </span>
     <span class='ocr_line' id='line_1_19' title="bbox 758 2281 2975 2377; baseline 0.002 -33"><span class='ocrx_word' id='word_1_152' title='bbox 758 2281 1139 2357; x_wconf 86' lang='lat' dir='ltr'><strong>liberalium,</strong></span> <span class='ocrx_word' id='word_1_153' title='bbox 1181 2306 1258 2348; x_wconf 88' lang='lat' dir='ltr'><strong>ex</strong></span> <span class='ocrx_word' id='word_1_154' title='bbox 1298 2285 1658 2350; x_wconf 86' lang='lat' dir='ltr'><strong>maturioris</strong></span> <span class='ocrx_word' id='word_1_155' title='bbox 1695 2286 1896 2350; x_wconf 81' lang='lat' dir='ltr'><strong>aetatis</strong></span> <span class='ocrx_word' id='word_1_156' title='bbox 1935 2301 2246 2371; x_wconf 78' lang='lat' dir='ltr'><strong>proventu</strong></span> <span class='ocrx_word' id='word_1_157' title='bbox 2282 2286 2580 2368; x_wconf 80' lang='lat' dir='ltr'><strong>colligere</strong></span> <span class='ocrx_word' id='word_1_158' title='bbox 2619 2307 2975 2377; x_wconf 87' lang='lat' dir='ltr'><strong>possumus,·</strong></span> 
     </span>
     <span class='ocr_line' id='line_1_20' title="bbox 758 2382 2969 2469; baseline 0.001 -26"><span class='ocrx_word' id='word_1_159' title='bbox 758 2383 870 2443; x_wconf 88' lang='lat' dir='ltr'><strong>sed</strong></span> <span class='ocrx_word' id='word_1_160' title='bbox 897 2402 1097 2464; x_wconf 85' lang='lat' dir='ltr'><strong>neque</strong></span> <span class='ocrx_word' id='word_1_161' title='bbox 1122 2382 1344 2464; x_wconf 88' lang='lat' dir='ltr'><strong>quibus</strong></span> <span class='ocrx_word' id='word_1_162' title='bbox 1371 2382 1690 2465; x_wconf 83' lang='lat' dir='ltr'><strong>magistris</strong></span> <span class='ocrx_word' id='word_1_163' title='bbox 1726 2404 1860 2447; x_wconf 84' lang='lat' dir='ltr'><strong>sese</strong></span> <span class='ocrx_word' id='word_1_164' title='bbox 1900 2384 2337 2469; x_wconf 75' lang='lat' dir='ltr'><strong>applicaverit,</strong></span> <span class='ocrx_word' id='word_1_165' title='bbox 2372 2404 2574 2468; x_wconf 86' lang='lat' dir='ltr'><strong>neque</strong></span> <span class='ocrx_word' id='word_1_166' title='bbox 2601 2405 2754 2467; x_wconf 87' lang='lat' dir='ltr'><strong>quas</strong></span> <span class='ocrx_word' id='word_1_167' title='bbox 2781 2382 2969 2468; x_wconf 87' lang='lat' dir='ltr'><strong>potis·</strong></span> 
     </span>
     <span class='ocr_line' id='line_1_21' title="bbox 757 2476 2970 2569; baseline 0.002 -29"><span class='ocrx_word' id='word_1_168' title='bbox 757 2476 981 2542; x_wconf 73' lang='lat' dir='ltr'><strong>simum</strong></span> <span class='ocrx_word' id='word_1_169' title='bbox 1002 2479 1219 2545; x_wconf 82' lang='lat' dir='ltr'><strong>literas</strong></span> <span class='ocrx_word' id='word_1_170' title='bbox 1245 2496 1638 2548; x_wconf 86' lang='lat' dir='ltr'><strong>consectatus</strong></span> <span class='ocrx_word' id='word_1_171' title='bbox 1657 2486 1869 2564; x_wconf 85' lang='lat' dir='ltr'><strong>fuerit,</strong></span> <span class='ocrx_word' id='word_1_172' title='bbox 1894 2484 2044 2548; x_wconf 85' lang='lat' dir='ltr'><strong>satis</strong></span> <span class='ocrx_word' id='word_1_173' title='bbox 2063 2487 2278 2569; x_wconf 90' lang='lat' dir='ltr'><strong>liquet.</strong></span> <span class='ocrx_word' id='word_1_174' title='bbox 2312 2481 2639 2549; x_wconf 88' lang='lat' dir='ltr'><strong>Ciceronis</strong></span> <span class='ocrx_word' id='word_1_175' title='bbox 2656 2482 2730 2548; x_wconf 91' lang='lat' dir='ltr'><strong>in</strong></span> <span class='ocrx_word' id='word_1_176' title='bbox 2750 2482 2970 2567; x_wconf 88' lang='lat' dir='ltr'><strong>primis</strong></span> 
     </span>
     <span class='ocr_line' id='line_1_22' title="bbox 754 2579 2968 2670; baseline 0.001 -27"><span class='ocrx_word' id='word_1_177' title='bbox 754 2579 1093 2646; x_wconf 87' lang='lat' dir='ltr'><strong>studiosum</strong></span> <span class='ocrx_word' id='word_1_178' title='bbox 1111 2580 1321 2659; x_wconf 77' lang='lat' dir='ltr'><strong>fuisse,</strong></span> <span class='ocrx_word' id='word_1_179' title='bbox 1344 2583 1495 2650; x_wconf 89' lang='lat' dir='ltr'><strong>olim</strong></span> <span class='ocrx_word' id='word_1_180' title='bbox 1518 2585 1824 2650; x_wconf 87' lang='lat' dir='ltr'><strong>creditum</strong></span> <span class='ocrx_word' id='word_1_181' title='bbox 1844 2602 1964 2662; x_wconf 85' lang='lat' dir='ltr'><strong>est,</strong></span> <span class='ocrx_word' id='word_1_182' title='bbox 1986 2591 2097 2652; x_wconf 86' lang='lat' dir='ltr'><strong>sed</strong></span> <span class='ocrx_word' id='word_1_183' title='bbox 2123 2608 2252 2650; x_wconf 88' lang='lat' dir='ltr'><strong>non</strong></span> <span class='ocrx_word' id='word_1_184' title='bbox 2280 2600 2484 2650; x_wconf 83' lang='lat' dir='ltr'><strong>exstat</strong></span> <span class='ocrx_word' id='word_1_185' title='bbox 2510 2586 2645 2670; x_wconf 85' lang='lat' dir='ltr'><strong>ejus</strong></span> <span class='ocrx_word' id='word_1_186' title='bbox 2671 2584 2767 2650; x_wconf 86' lang='lat' dir='ltr'><strong>rei</strong></span> <span class='ocrx_word' id='word_1_187' title='bbox 2797 2583 2968 2648; x_wconf 63' lang='lat' dir='ltr'><strong>usti-</strong></span> 
     </span>
     <span class='ocr_line' id='line_1_23' title="bbox 756 2677 2967 2767; baseline 0.002 -28"><span class='ocrx_word' id='word_1_188' title='bbox 756 2677 1031 2742; x_wconf 86' lang='lat' dir='ltr'><strong>monium</strong></span> <span class='ocrx_word' id='word_1_189' title='bbox 1068 2694 1300 2762; x_wconf 83' lang='lat' dir='ltr'><strong>proeter</strong></span> <span class='ocrx_word' id='word_1_190' title='bbox 1333 2680 1694 2747; x_wconf 72' lang='lat' dir='ltr'><strong>subdititiae</strong></span> <span class='ocrx_word' id='word_1_191' title='bbox 1734 2683 1875 2748; x_wconf 89' lang='lat' dir='ltr'><strong>illas</strong></span> <span class='ocrx_word' id='word_1_192' title='bbox 1917 2686 1996 2747; x_wconf 89' lang='lat' dir='ltr'><strong>ad</strong></span> <span class='ocrx_word' id='word_1_193' title='bbox 2034 2687 2121 2747; x_wconf 82' lang='lat' dir='ltr'><strong>M.</strong></span> <span class='ocrx_word' id='word_1_194' title='bbox 2161 2686 2421 2747; x_wconf 86' lang='lat' dir='ltr'><strong>Brutum</strong></span> <span class='ocrx_word' id='word_1_195' title='bbox 2461 2681 2773 2767; x_wconf 85' lang='lat' dir='ltr'><strong>epistolas.</strong></span> <span class='ocrx_word' id='word_1_196' title='bbox 2817 2683 2967 2743; x_wconf 86' lang='lat' dir='ltr'><strong>Post</strong></span> 
     </span>
     <span class='ocr_line' id='line_1_24' title="bbox 757 2774 2967 2863; baseline 0.002 -27"><span class='ocrx_word' id='word_1_197' title='bbox 757 2795 1035 2860; x_wconf 80' lang='lat' dir='ltr'><strong>pugnam</strong></span> <span class='ocrx_word' id='word_1_198' title='bbox 1065 2774 1535 2863; x_wconf 89' lang='lat' dir='ltr'><strong>Philippensem</strong></span> <span class='ocrx_word' id='word_1_199' title='bbox 1564 2779 1789 2863; x_wconf 89' lang='lat' dir='ltr'><strong>primis</strong></span> <span class='ocrx_word' id='word_1_200' title='bbox 1816 2780 2002 2845; x_wconf 87' lang='lat' dir='ltr'><strong>annis</strong></span> <span class='ocrx_word' id='word_1_201' title='bbox 2031 2784 2374 2846; x_wconf 79' lang='lat' dir='ltr'><strong>Antonium</strong></span> <span class='ocrx_word' id='word_1_202' title='bbox 2402 2796 2647 2845; x_wconf 85' lang='lat' dir='ltr'><strong>secutus</strong></span> <span class='ocrx_word' id='word_1_203' title='bbox 2664 2793 2782 2854; x_wconf 85' lang='lat' dir='ltr'><strong>est,</strong></span> <span class='ocrx_word' id='word_1_204' title='bbox 2810 2800 2967 2842; x_wconf 89' lang='lat' dir='ltr'><strong>sem-</strong></span> 
     </span>
     <span class='ocr_line' id='line_1_25' title="bbox 759 2874 2967 2962; baseline 0.004 -28"><span class='ocrx_word' id='word_1_205' title='bbox 759 2895 895 2957; x_wconf 89' lang='lat' dir='ltr'><strong>per,</strong></span> <span class='ocrx_word' id='word_1_206' title='bbox 923 2888 990 2936; x_wconf 85' lang='lat' dir='ltr'><strong>ut</strong></span> <span class='ocrx_word' id='word_1_207' title='bbox 1019 2874 1156 2958; x_wconf 88' lang='lat' dir='ltr'><strong>ipse</strong></span> <span class='ocrx_word' id='word_1_208' title='bbox 1183 2882 1342 2962; x_wconf 85' lang='lat' dir='ltr'><strong>apud</strong></span> <span class='ocrx_word' id='word_1_209' title='bbox 1369 2881 1773 2944; x_wconf 85' lang='lat' dir='ltr'><strong>Plutarchum</strong></span> <span class='ocrx_word' id='word_1_210' title='bbox 1800 2880 1869 2944; x_wconf 90' lang='lat' dir='ltr'><strong>in</strong></span> <span class='ocrx_word' id='word_1_211' title='bbox 1886 2881 2036 2948; x_wconf 84' lang='lat' dir='ltr'><strong>Vita</strong></span> <span class='ocrx_word' id='word_1_212' title='bbox 2061 2880 2245 2949; x_wconf 77' lang='lat' dir='ltr'><strong>Bruti</strong></span> <span class='ocrx_word' id='word_1_213' title='bbox 2284 2904 2344 2946; x_wconf 84' lang='lat' dir='ltr'><strong>c.</strong></span> <span class='ocrx_word' id='word_1_214' title='bbox 2382 2883 2462 2946; x_wconf 82' lang='lat'><strong>53</strong></span> <span class='ocrx_word' id='word_1_215' title='bbox 2502 2880 2816 2944; x_wconf 66' lang='lat' dir='ltr'><strong>confessus</strong></span> <span class='ocrx_word' id='word_1_216' title='bbox 2851 2893 2967 2955; x_wconf 45' lang='grc' dir='ltr'><strong>ψει,</strong></span> 
     </span>
     <span class='ocr_line' id='line_1_26' title="bbox 756 2975 2971 3069; baseline 0.001 -30"><span class='ocrx_word' id='word_1_217' title='bbox 756 2976 837 3039; x_wconf 88' lang='lat' dir='ltr'><strong>ab</strong></span> <span class='ocrx_word' id='word_1_218' title='bbox 863 2975 1281 3043; x_wconf 81' lang='lat' dir='ltr'><strong>honestissimi</strong></span> <span class='ocrx_word' id='word_1_219' title='bbox 1310 2985 1606 3068; x_wconf 83' lang='lat' dir='ltr'><strong>cujusque</strong></span> <span class='ocrx_word' id='word_1_220' title='bbox 1626 2983 1913 3066; x_wconf 89' lang='lat' dir='ltr'><strong>partibus</strong></span> <span class='ocrx_word' id='word_1_221' title='bbox 1939 2988 2240 3069; x_wconf 83' lang='lat' dir='ltr'><strong>pendens.</strong></span> <span class='ocrx_word' id='word_1_222' title='bbox 2272 2986 2355 3047; x_wconf 91' lang='lat' dir='ltr'><strong>Et</strong></span> <span class='ocrx_word' id='word_1_223' title='bbox 2376 3004 2528 3046; x_wconf 89' lang='lat' dir='ltr'><strong>sane</strong></span> <span class='ocrx_word' id='word_1_224' title='bbox 2548 2980 2824 3045; x_wconf 79' lang='lat' dir='ltr'><strong>militare</strong></span> <span class='ocrx_word' id='word_1_225' title='bbox 2847 2985 2971 3045; x_wconf 88' lang='lat' dir='ltr'><strong>An-</strong></span> 
     </span>
     <span class='ocr_line' id='line_1_27' title="bbox 756 3076 2969 3170; baseline 0.002 -27"><span class='ocrx_word' id='word_1_226' title='bbox 756 3076 916 3143; x_wconf 88' lang='lat' dir='ltr'><strong>tonii</strong></span> <span class='ocrx_word' id='word_1_227' title='bbox 945 3076 1291 3160; x_wconf 83' lang='lat' dir='ltr'><strong>ingenium,</strong></span> <span class='ocrx_word' id='word_1_228' title='bbox 1315 3087 1586 3148; x_wconf 90' lang='lat' dir='ltr'><strong>nondum</strong></span> <span class='ocrx_word' id='word_1_229' title='bbox 1608 3086 1954 3170; x_wconf 66' lang='lat' dir='ltr'><strong>Cleopatrae</strong></span> <span class='ocrx_word' id='word_1_230' title='bbox 1982 3084 2303 3151; x_wconf 81' lang='lat' dir='ltr'><strong>illecebris</strong></span> <span class='ocrx_word' id='word_1_231' title='bbox 2328 3098 2394 3148; x_wconf 94' lang='lat' dir='ltr'><strong>et</strong></span> <span class='ocrx_word' id='word_1_232' title='bbox 2415 3086 2563 3148; x_wconf 80' lang='lat' dir='ltr'><strong>luxu</strong></span> <span class='ocrx_word' id='word_1_233' title='bbox 2584 3097 2969 3166; x_wconf 84' lang='lat' dir='ltr'><strong>corruptum,</strong></span> 
     </span>
     <span class='ocr_line' id='line_1_28' title="bbox 755 3174 2967 3269; baseline 0 -28"><span class='ocrx_word' id='word_1_234' title='bbox 755 3176 1126 3242; x_wconf 79' lang='lat' dir='ltr'><strong>Caesarianis</strong></span> <span class='ocrx_word' id='word_1_235' title='bbox 1164 3181 1431 3246; x_wconf 76' lang='lat' dir='ltr'><strong>fallaciis</strong></span> <span class='ocrx_word' id='word_1_236' title='bbox 1473 3199 1538 3247; x_wconf 90' lang='lat' dir='ltr'><strong>et</strong></span> <span class='ocrx_word' id='word_1_237' title='bbox 1579 3185 1848 3248; x_wconf 81' lang='lat' dir='ltr'><strong>subdolae</strong></span> <span class='ocrx_word' id='word_1_238' title='bbox 1886 3185 2271 3249; x_wconf 84' lang='lat' dir='ltr'><strong>simulationi</strong></span> <span class='ocrx_word' id='word_1_239' title='bbox 2313 3174 2779 3269; x_wconf 60' lang='lat' dir='ltr'><strong>praeoptandam</strong></span> <span class='ocrx_word' id='word_1_240' title='bbox 2807 3195 2967 3246; x_wconf 86' lang='lat' dir='ltr'><strong>erat.</strong></span> 
     </span>
     <span class='ocr_line' id='line_1_29' title="bbox 754 3276 2972 3371; baseline 0.001 -32"><span class='ocrx_word' id='word_1_241' title='bbox 754 3276 879 3339; x_wconf 88' lang='lat' dir='ltr'><strong>Sed</strong></span> <span class='ocrx_word' id='word_1_242' title='bbox 909 3291 1049 3359; x_wconf 88' lang='lat' dir='ltr'><strong>post</strong></span> <span class='ocrx_word' id='word_1_243' title='bbox 1075 3277 1518 3343; x_wconf 86' lang='lat' dir='ltr'><strong>Brundisinam</strong></span> <span class='ocrx_word' id='word_1_244' title='bbox 1544 3301 1763 3363; x_wconf 82' lang='lat' dir='ltr'><strong>pacem</strong></span> <span class='ocrx_word' id='word_1_245' title='bbox 1794 3279 1878 3364; x_wconf 87' lang='lat' dir='ltr'><strong>(a.</strong></span> <span class='ocrx_word' id='word_1_246' title='bbox 1904 3284 2055 3371; x_wconf 83' lang='lat'>713)</span> <span class='ocrx_word' id='word_1_247' title='bbox 2086 3299 2154 3346; x_wconf 92' lang='lat' dir='ltr'><strong>et</strong></span> <span class='ocrx_word' id='word_1_248' title='bbox 2182 3280 2401 3346; x_wconf 86' lang='lat' dir='ltr'><strong>iisdem</strong></span> <span class='ocrx_word' id='word_1_249' title='bbox 2435 3283 2632 3345; x_wconf 84' lang='lat' dir='ltr'><strong>ferme</strong></span> <span class='ocrx_word' id='word_1_250' title='bbox 2666 3285 2745 3345; x_wconf 92' lang='lat' dir='ltr'><strong>de</strong></span> <span class='ocrx_word' id='word_1_251' title='bbox 2771 3277 2972 3343; x_wconf 84' lang='lat' dir='ltr'><strong>causis</strong></span> 
     </span>
     <span class='ocr_line' id='line_1_30' title="bbox 755 3379 2971 3466; baseline 0.001 -24"><span class='ocrx_word' id='word_1_252' title='bbox 755 3390 944 3460; x_wconf 88' lang='lat' dir='ltr'><strong>atque</strong></span> <span class='ocrx_word' id='word_1_253' title='bbox 968 3379 1221 3442; x_wconf 79' lang='lat' dir='ltr'><strong>Asinius</strong></span> <span class='ocrx_word' id='word_1_254' title='bbox 1246 3379 1473 3459; x_wconf 90' lang='lat' dir='ltr'><strong>Pollio,</strong></span> <span class='ocrx_word' id='word_1_255' title='bbox 1505 3395 1720 3466; x_wconf 86' lang='lat' dir='ltr'><strong>partes</strong></span> <span class='ocrx_word' id='word_1_256' title='bbox 1748 3382 2006 3446; x_wconf 84' lang='lat' dir='ltr'><strong>Antonii</strong></span> <span class='ocrx_word' id='word_1_257' title='bbox 2036 3386 2335 3461; x_wconf 90' lang='lat' dir='ltr'><strong>deseruit,</strong></span> <span class='ocrx_word' id='word_1_258' title='bbox 2368 3385 2715 3466; x_wconf 68' lang='lat' dir='ltr'><strong>Cleopatrae</strong></span> <span class='ocrx_word' id='word_1_259' title='bbox 2746 3384 2875 3445; x_wconf 80' lang='lat' dir='ltr'><strong>vim</strong></span> <span class='ocrx_word' id='word_1_260' title='bbox 2908 3395 2971 3445; x_wconf 89' lang='lat' dir='ltr'><strong>et</strong></span> 
     </span>
     <span class='ocr_line' id='line_1_31' title="bbox 757 3479 2968 3568; baseline 0.001 -28"><span class='ocrx_word' id='word_1_261' title='bbox 757 3480 1098 3543; x_wconf 83' lang='lat' dir='ltr'><strong>luxuriosos</strong></span> <span class='ocrx_word' id='word_1_262' title='bbox 1117 3479 1380 3544; x_wconf 84' lang='lat' dir='ltr'><strong>Antonii</strong></span> <span class='ocrx_word' id='word_1_263' title='bbox 1403 3502 1644 3546; x_wconf 84' lang='lat' dir='ltr'><strong>amores</strong></span> <span class='ocrx_word' id='word_1_264' title='bbox 1661 3504 1938 3568; x_wconf 85' lang='lat' dir='ltr'><strong>perosus.</strong></span> <span class='ocrx_word' id='word_1_265' title='bbox 1961 3487 2118 3551; x_wconf 87' lang='lat' dir='ltr'><strong>Nam</strong></span> <span class='ocrx_word' id='word_1_266' title='bbox 2140 3485 2487 3550; x_wconf 81' lang='lat' dir='ltr'><strong>adulatorie</strong></span> <span class='ocrx_word' id='word_1_267' title='bbox 2506 3482 2662 3548; x_wconf 77' lang='lat' dir='ltr'><strong>facit</strong></span> <span class='ocrx_word' id='word_1_268' title='bbox 2674 3482 2968 3557; x_wconf 87' lang='lat' dir='ltr'><strong>Velleius,</strong></span> 
     </span>
     <span class='ocr_line' id='line_1_32' title="bbox 757 3584 2969 3672; baseline 0.002 -31"><span class='ocrx_word' id='word_1_269' title='bbox 757 3601 895 3643; x_wconf 87' lang='lat' dir='ltr'><strong>cum</strong></span> <span class='ocrx_word' id='word_1_270' title='bbox 920 3585 1009 3659; x_wconf 92' lang='lat' dir='ltr'><strong>II,</strong></span> <span class='ocrx_word' id='word_1_271' title='bbox 1029 3584 1135 3659; x_wconf 83' lang='lat'><strong>72,</strong></span> <span class='ocrx_word' id='word_1_272' title='bbox 1168 3586 1380 3646; x_wconf 89' lang='lat' dir='ltr'><strong>statim</strong></span> <span class='ocrx_word' id='word_1_273' title='bbox 1404 3598 1542 3667; x_wconf 90' lang='lat' dir='ltr'><strong>post</strong></span> <span class='ocrx_word' id='word_1_274' title='bbox 1569 3605 1839 3668; x_wconf 90' lang='lat' dir='ltr'><strong>pugnam</strong></span> <span class='ocrx_word' id='word_1_275' title='bbox 1862 3585 2324 3672; x_wconf 84' lang='lat' dir='ltr'><strong>Philippensem</strong></span> <span class='ocrx_word' id='word_1_276' title='bbox 2347 3585 2733 3653; x_wconf 63' lang='lat' dir='ltr'><strong>Coearianas</strong></span> <span class='ocrx_word' id='word_1_277' title='bbox 2759 3599 2969 3668; x_wconf 88' lang='lat' dir='ltr'><strong>partes</strong></span> 
     </span>
     <span class='ocr_line' id='line_1_33' title="bbox 757 3678 2969 3768; baseline 0.003 -32"><span class='ocrx_word' id='word_1_278' title='bbox 757 3678 1105 3760; x_wconf 82' lang='lat' dir='ltr'><strong>amplexum</strong></span> <span class='ocrx_word' id='word_1_279' title='bbox 1125 3696 1365 3745; x_wconf 88' lang='lat' dir='ltr'><strong>narrat.</strong></span> <span class='ocrx_word' id='word_1_280' title='bbox 1393 3681 1602 3746; x_wconf 81' lang='lat' dir='ltr'><strong>Caesar</strong></span> <span class='ocrx_word' id='word_1_281' title='bbox 1619 3697 1826 3747; x_wconf 89' lang='lat' dir='ltr'><strong>autem</strong></span> <span class='ocrx_word' id='word_1_282' title='bbox 1842 3684 2032 3748; x_wconf 89' lang='lat' dir='ltr'><strong>rebus</strong></span> <span class='ocrx_word' id='word_1_283' title='bbox 2048 3683 2341 3767; x_wconf 84' lang='lat' dir='ltr'><strong>gerendis</strong></span> <span class='ocrx_word' id='word_1_284' title='bbox 2360 3686 2728 3768; x_wconf 86' lang='lat' dir='ltr'><strong>prudentior</strong></span> <span class='ocrx_word' id='word_1_285' title='bbox 2744 3683 2969 3756; x_wconf 79' lang='lat' dir='ltr'><strong>sactus,</strong></span> 
     </span>
     <span class='ocr_line' id='line_1_34' title="bbox 757 3767 2963 3866; baseline 0.004 -34"><span class='ocrx_word' id='word_1_286' title='bbox 757 3767 1010 3837; x_wconf 85' lang='lat' dir='ltr'><strong>insitam</strong></span> <span class='ocrx_word' id='word_1_287' title='bbox 1046 3780 1344 3842; x_wconf 83' lang='lat' dir='ltr'><strong>saevitiam</strong></span> <span class='ocrx_word' id='word_1_288' title='bbox 1381 3779 1643 3845; x_wconf 89' lang='lat' dir='ltr'><strong>lenitate</strong></span> <span class='ocrx_word' id='word_1_289' title='bbox 1681 3782 2011 3862; x_wconf 82' lang='lat' dir='ltr'><strong>obtegens,</strong></span> <span class='ocrx_word' id='word_1_290' title='bbox 2059 3783 2208 3866; x_wconf 86' lang='lat' dir='ltr'><strong>quid</strong></span> <span class='ocrx_word' id='word_1_291' title='bbox 2248 3781 2391 3846; x_wconf 87' lang='lat' dir='ltr'><strong>talis</strong></span> <span class='ocrx_word' id='word_1_292' title='bbox 2427 3784 2670 3846; x_wconf 79' lang='lat' dir='ltr'><strong>valeret</strong></span> <span class='ocrx_word' id='word_1_293' title='bbox 2706 3778 2963 3854; x_wconf 87' lang='lat' dir='ltr'><strong>amicus,</strong></span> 
     </span>
     <span class='ocr_line' id='line_1_35' title="bbox 760 3867 2973 3958; baseline 0.003 -28"><span class='ocrx_word' id='word_1_294' title='bbox 760 3867 1175 3952; x_wconf 87' lang='lat' dir='ltr'><strong>intelligebat.</strong></span> <span class='ocrx_word' id='word_1_295' title='bbox 1211 3875 1415 3957; x_wconf 85' lang='lat' dir='ltr'><strong>Igitur</strong></span> <span class='ocrx_word' id='word_1_296' title='bbox 1444 3876 1698 3958; x_wconf 88' lang='lat' dir='ltr'><strong>auguris</strong></span> <span class='ocrx_word' id='word_1_297' title='bbox 1723 3879 2073 3944; x_wconf 86' lang='lat' dir='ltr'><strong>sacerdotio</strong></span> <span class='ocrx_word' id='word_1_298' title='bbox 2105 3884 2613 3957; x_wconf 79' lang='lat' dir='ltr'><strong>condecoratum,</strong></span> <span class='ocrx_word' id='word_1_299' title='bbox 2647 3892 2716 3940; x_wconf 89' lang='lat' dir='ltr'><strong>ut</strong></span> <span class='ocrx_word' id='word_1_300' title='bbox 2745 3875 2973 3941; x_wconf 85' lang='lat' dir='ltr'><strong>scribit</strong></span> 
     </span>
     <span class='ocr_line' id='line_1_36' title="bbox 756 3968 2970 4061; baseline 0.003 -30"><span class='ocrx_word' id='word_1_301' title='bbox 756 3968 879 4032; x_wconf 93' lang='lat' dir='ltr'><strong>Dio</strong></span> <span class='ocrx_word' id='word_1_302' title='bbox 895 3968 1122 4048; x_wconf 85' lang='lat' dir='ltr'><strong>XLIX,</strong></span> <span class='ocrx_word' id='word_1_303' title='bbox 1152 3972 1252 4046; x_wconf 76' lang='lat'><strong>113,</strong></span> <span class='ocrx_word' id='word_1_304' title='bbox 1282 3975 1560 4040; x_wconf 88' lang='lat' dir='ltr'><strong>Macrob.</strong></span> <span class='ocrx_word' id='word_1_305' title='bbox 1589 3977 1645 4051; x_wconf 90' lang='lat'><strong>1,</strong></span> <span class='ocrx_word' id='word_1_306' title='bbox 1674 3977 1775 4051; x_wconf 83' lang='lat'><strong>16,</strong></span> <span class='ocrx_word' id='word_1_307' title='bbox 1802 3997 1868 4059; x_wconf 90' lang='lat' dir='ltr'><strong>p.</strong></span> <span class='ocrx_word' id='word_1_308' title='bbox 1893 3977 2008 4039; x_wconf 84' lang='lat'><strong>281</strong></span> <span class='ocrx_word' id='word_1_309' title='bbox 2037 3979 2136 4040; x_wconf 88' lang='lat' dir='ltr'><strong>ed.</strong></span> <span class='ocrx_word' id='word_1_310' title='bbox 2161 3979 2326 4061; x_wconf 89' lang='lat' dir='ltr'><strong>Bip.‚</strong></span> <span class='ocrx_word' id='word_1_311' title='bbox 2347 3991 2478 4041; x_wconf 90' lang='lat' dir='ltr'><strong>tum</strong></span> <span class='ocrx_word' id='word_1_312' title='bbox 2499 3977 2564 4040; x_wconf 90' lang='lat' dir='ltr'><strong>in</strong></span> <span class='ocrx_word' id='word_1_313' title='bbox 2584 3977 2970 4040; x_wconf 84' lang='lat' dir='ltr'><strong>devincendo</strong></span> 
     </span>
     <span class='ocr_line' id='line_1_37' title="bbox 755 4068 2961 4159; baseline 0.003 -28"><span class='ocrx_word' id='word_1_314' title='bbox 755 4068 896 4132; x_wconf 86' lang='lat' dir='ltr'><strong>Sex.</strong></span> <span class='ocrx_word' id='word_1_315' title='bbox 919 4068 1216 4155; x_wconf 88' lang='lat' dir='ltr'><strong>Pompeio</strong></span> <span class='ocrx_word' id='word_1_316' title='bbox 1236 4073 1581 4155; x_wconf 84' lang='lat' dir='ltr'><strong>adjutorem</strong></span> <span class='ocrx_word' id='word_1_317' title='bbox 1600 4071 1823 4135; x_wconf 90' lang='lat' dir='ltr'><strong>habuit</strong></span> <span class='ocrx_word' id='word_1_318' title='bbox 1845 4072 1933 4156; x_wconf 79' lang='lat' dir='ltr'><strong>(v.</strong></span> <span class='ocrx_word' id='word_1_319' title='bbox 1964 4073 2236 4159; x_wconf 86' lang='lat' dir='ltr'><strong>Appian.</strong></span> <span class='ocrx_word' id='word_1_320' title='bbox 2265 4078 2341 4138; x_wconf 88' lang='lat' dir='ltr'><strong>B.</strong></span> <span class='ocrx_word' id='word_1_321' title='bbox 2366 4077 2505 4139; x_wconf 78' lang='lat' dir='ltr'><strong>Civ.</strong></span> <span class='ocrx_word' id='word_1_322' title='bbox 2525 4081 2604 4151; x_wconf 86' lang='lat' dir='ltr'><strong>V,</strong></span> <span class='ocrx_word' id='word_1_323' title='bbox 2629 4076 2753 4140; x_wconf 83' lang='lat'><strong>103</strong></span> <span class='ocrx_word' id='word_1_324' title='bbox 2778 4073 2961 4156; x_wconf 85' lang='lat' dir='ltr'><strong>sqq.),</strong></span> 
     </span>
     <span class='ocr_line' id='line_1_38' title="bbox 759 4168 2965 4249; baseline 0.002 -25"><span class='ocrx_word' id='word_1_325' title='bbox 759 4176 888 4226; x_wconf 88' lang='lat' dir='ltr'><strong>tum</strong></span> <span class='ocrx_word' id='word_1_326' title='bbox 909 4168 1180 4232; x_wconf 86' lang='lat' dir='ltr'><strong>Salassos</strong></span> <span class='ocrx_word' id='word_1_327' title='bbox 1208 4169 1289 4232; x_wconf 88' lang='lat' dir='ltr'><strong>ab</strong></span> <span class='ocrx_word' id='word_1_328' title='bbox 1318 4190 1393 4232; x_wconf 92' lang='lat' dir='ltr'><strong>eo</strong></span> <span class='ocrx_word' id='word_1_329' title='bbox 1420 4170 1688 4233; x_wconf 89' lang='lat' dir='ltr'><strong>domitos</strong></span> <span class='ocrx_word' id='word_1_330' title='bbox 1714 4171 1897 4233; x_wconf 78' lang='lat' dir='ltr'><strong>vidit.</strong></span> <span class='ocrx_word' id='word_1_331' title='bbox 1936 4171 2044 4236; x_wconf 86' lang='lat' dir='ltr'><strong>Sic</strong></span> <span class='ocrx_word' id='word_1_332' title='bbox 2070 4174 2193 4235; x_wconf 89' lang='lat' dir='ltr'><strong>Dio</strong></span> <span class='ocrx_word' id='word_1_333' title='bbox 2214 4172 2445 4249; x_wconf 86' lang='lat' dir='ltr'><strong>XLIX,</strong></span> <span class='ocrx_word' id='word_1_334' title='bbox 2477 4176 2584 4237; x_wconf 81' lang='lat'><strong>38.</strong></span> <span class='ocrx_word' id='word_1_335' title='bbox 2626 4176 2818 4236; x_wconf 77' lang='lat' dir='ltr'><strong>Facta</strong></span> <span class='ocrx_word' id='word_1_336' title='bbox 2838 4171 2965 4231; x_wconf 81' lang='lat' dir='ltr'><strong>haec</strong></span> 
     </span>
     <span class='ocr_line' id='line_1_39' title="bbox 757 4258 2967 4349; baseline 0.002 -26"><span class='ocrx_word' id='word_1_337' title='bbox 757 4266 1064 4345; x_wconf 81' lang='lat' dir='ltr'><strong>expeditio</strong></span> <span class='ocrx_word' id='word_1_338' title='bbox 1091 4289 1151 4328; x_wconf 85' lang='lat' dir='ltr'><strong>a.</strong></span> <span class='ocrx_word' id='word_1_339' title='bbox 1179 4270 1326 4332; x_wconf 78' lang='lat'><strong>719.</strong></span> <span class='ocrx_word' id='word_1_340' title='bbox 1360 4272 1454 4332; x_wconf 86' lang='lat' dir='ltr'><strong>Ad</strong></span> <span class='ocrx_word' id='word_1_341' title='bbox 1479 4269 1863 4332; x_wconf 87' lang='lat' dir='ltr'><strong>consularem</strong></span> <span class='ocrx_word' id='word_1_342' title='bbox 1888 4269 2255 4349; x_wconf 83' lang='lat' dir='ltr'><strong>dignitatem</strong></span> <span class='ocrx_word' id='word_1_343' title='bbox 2280 4271 2496 4335; x_wconf 88' lang='lat' dir='ltr'><strong>eodem</strong></span> <span class='ocrx_word' id='word_1_344' title='bbox 2523 4258 2692 4333; x_wconf 82' lang='lat' dir='ltr'><strong>anno</strong></span> <span class='ocrx_word' id='word_1_345' title='bbox 2717 4278 2967 4333; x_wconf 84' lang='lat' dir='ltr'><strong>evectus</strong></span> 
     </span>
    </p>
   </div>
   <div class='ocr_carea' id='block_1_3' title="bbox 3347 1084 3351 1604">
    <p class='ocr_par' dir='ltr' id='par_1_4' title="bbox 3347 1084 3351 1604">
     <span class='ocr_line' id='line_1_40' title="bbox 3347 1084 3351 1604; baseline 0 0"><span class='ocrx_word' id='word_1_346' title='bbox 3347 1084 3351 1604; x_wconf 95' lang='lat' dir='ltr'><strong> </strong></span> 
     </span>
    </p>
   </div>
   <div class='ocr_carea' id='block_1_4' title="bbox 3346 2239 3351 3265">
    <p class='ocr_par' dir='ltr' id='par_1_5' title="bbox 3346 2239 3351 3265">
     <span class='ocr_line' id='line_1_41' title="bbox 3346 2239 3351 3265; baseline 0 0"><span class='ocrx_word' id='word_1_347' title='bbox 3346 2239 3351 3265; x_wconf 95' lang='lat' dir='ltr'><strong> </strong></span> 
     </span>
    </p>
   </div>
  </div>
 </body>
</html>
