3367 5417
1755 497 1850 543 ΧΗ

632 701 640 708 ,
712 631 1019 703 exstant,
1056 617 1150 689 ita
1184 634 1266 690 ut
1292 619 1461 692 satis
1508 636 1817 707 constet,
1859 636 2185 718 posteros
2214 644 2377 693 mox
2405 644 2655 694 eorum
2700 644 2918 718 opera

706 742 1039 815 oblivioni
1065 746 1465 833 tradidisse,
1515 745 1995 846 majoremque
2038 772 2130 821 ex
2160 749 2563 845 cognitione
2599 748 2913 846 priorum

711 885 1073 944 oratorum
1104 869 1539 968 voluptatem
1574 875 2001 972 percepisse.
2052 874 2134 946 In
2174 875 2465 948 Senecae
2498 874 2682 946 enim
2711 871 2916 946 libris

708 994 1086 1068 rhetoricis
1126 1019 1274 1066 non
1327 1013 1665 1094 excerpta
1707 1001 2098 1071 orationum
2139 1000 2629 1088 continentur,
2673 999 2800 1071 sed
2826 1022 2914 1071 ex

711 1120 1337 1197 declamationibus
1364 1124 1503 1197 loci
1531 1124 1988 1224 pulcherrimi
2009 1127 2124 1201 vel
2145 1144 2353 1201 acute
2383 1128 2572 1200 dicta
2597 1127 2918 1202 referun-

714 1264 853 1334 tur,
884 1249 979 1320 ita
1002 1263 1084 1320 ut
1108 1249 1297 1320 varia
1308 1248 1741 1324 declamandi
1756 1276 2042 1349 genera,
2073 1253 2331 1351 quibus
2345 1253 2626 1324 Asinius
2644 1252 2871 1326 Pollio
2893 1305 2913 1340 ,

708 1375 1018 1465 Cestius,
1056 1375 1437 1447 Passienus
1468 1390 1543 1450 et
1568 1375 1773 1450 multi
1798 1377 1914 1451 alii
1944 1378 2362 1468 utebantur,
2402 1403 2491 1452 ex
2529 1380 2609 1452 iis
2642 1403 2915 1477 cogno-

712 1527 1018 1578 scamus.

806 1631 1202 1727 Euerg-unt
1216 1635 1656 1733 temporibus
1681 1661 1970 1737 quoque
1993 1638 2541 1737 insequentibus
2559 1639 2917 1710 interdum

710 1757 837 1829 viri
919 1756 1255 1833 facundia·
1290 1759 1486 1846 clari,
1537 1765 1832 1861 quique,
1871 1781 1952 1834 ut
1989 1766 2297 1851 Fronto,
2349 1766 2713 1837 orationes
2749 1765 2919 1835 scri-

710 1898 871 1979 ptas
922 1880 1391 1981 reliquerunt3
1444 1885 1590 1958 imo
1625 1887 2100 1984 imperatores
2154 1883 2507 1971 nonnulli,
2556 1887 2819 1958 virtute
2850 1903 2924 1959 et

710 2006 934 2080 literis
963 2007 1297 2105 insignes,
1346 2007 1534 2082 idem
1584 2010 1932 2082 fecerunt.
1971 2011 2246 2080 Eorum
2295 2024 2527 2081 tamen
2564 2011 2922 2085 orationes

714 2132 1132 2231 plerumque
1156 2135 1245 2207 de
1261 2136 1424 2230 jure
1453 2134 1637 2207 civili
1663 2136 2091 2235 quaestiones
2120 2134 2537 2207 tractabant.
2571 2132 2922 2233 Eloquen-

717 2259 813 2332 tia
841 2258 1217 2355 pristinum
1252 2258 1716 2358 splendorem
1765 2277 1838 2333 et
1869 2260 2187 2358 spiritum
2230 2279 2518 2357 prorsus
2563 2261 2914 2348 amiserat,

723 2399 803 2454 ut
854 2384 1123 2456 Fronto
1161 2386 1319 2483 ipse
1354 2384 1724 2459 confessus
1760 2402 1870 2459 est
1913 2386 1984 2456 in
2021 2382 2205 2456 libro
2243 2385 2354 2457 De
2388 2383 2803 2483 eloquentia
2836 2415 2911 2486 p.

728 2509 871 2581 228
904 2535 923 2580 ι
964 2509 1404 2582 Inmortales
1428 2506 1551 2581 de’e'
1584 2511 1897 2595 uber-inc,
1946 2511 2296 2581 come'el‘am
2338 2522 2414 2581 ee
2428 2522 2662 2582 rostra
2690 2522 2761 2582 ec
2790 2515 2921 2585 cri-

720 2635 1007 2709 bunalia
1033 2639 1309 2710 Calamis
1348 2650 1422 2708 ec
1450 2638 1775 2712 Gracchi
1798 2651 1870 2711 ec
1898 2639 2256 2710 Cicerone&
2277 2636 2708 2708 orationihus
2738 2644 2919 2719 cele-

721 2762 937 2835 brata
965 2761 1094 2836 hoc
1123 2765 1563 2866 polissemum
1597 2764 1834 2838 seculo
1865 2763 2377 2837 conticiscere?
2427 2766 2602 2838 Haec
2632 2784 2918 2863 quoque

716 2892 1117 2989 fragmenta
1137 2892 1545 2993 colligenda
1569 2921 1726 2970 esse
1749 2896 2019 2995 putavi,
2053 2909 2133 2965 ut
2162 2910 2532 2967 oratorum
2561 2897 2921 2968 Romano—

717 3038 880 3087 rum
927 3016 1123 3088 orbis
1156 3018 1361 3113 juste,
1404 3018 1889 3090 clauderetur.
1943 3020 2049 3090 Ac
2084 3042 2174 3088 ne
2211 3017 2290 3089 in
2347 3019 2710 3088 Frontone
2761 3013 2920 3112 qui-

719 3140 887 3215 dem
940 3141 1343 3243 eloquentia
1384 3141 1703 3217 Romana
1743 3170 2041 3243 prorsus
2083 3145 2464 3217 obmutuit.
2511 3145 2924 3241 Sequuntur

721 3266 907 3337 enim
942 3283 1270 3339 auctores
1301 3266 1672 3338 duodecim
1725 3268 2352 3362 Panegyricorum,
2397 3288 2529 3336 nec
2580 3267 2630 3335 ii
2684 3276 2928 3335 conte·

723 3395 1019 3469 mnendi
1072 3411 1268 3467 sunt.
1315 3397 1654 3487 Quamvis
1689 3397 1972 3493 ingenio
2023 3409 2241 3492 atque
2287 3409 2438 3466 arte
2480 3390 2676 3464 nullo
2711 3389 2924 3462 modo

724 3541 885 3591 cum
932 3518 1333 3593 oratoribus
1377 3519 1694 3617 priorum
1733 3517 2139 3592 seculorum
2185 3518 2571 3615 comparari
2616 3517 2922 3615 possint,

726 3642 815 3714 ab
863 3645 946 3715 iis
989 3662 1253 3736 tamen,
1295 3647 1437 3745 qui·
1472 3645 1611 3718 fata
1666 3644 2024 3718 literarum
2088 3644 2563 3716 Romanarum
2619 3639 2924 3713 interius

729 3793 1161 3867 cognoscere
1192 3789 1452 3859 amant,
1490 3771 1628 3868 legi
1660 3786 2055 3845 merentur.
2108 3772 2347 3866 Atque
2383 3782 2467 3839 ut
2513 3768 2583 3838 in
2617 3768 2922 3839 florente

727 3894 1093 3995 republica
1135 3914 1209 3971 et
1259 3901 1545 3998 optimo·
1575 3900 1878 3970 civitatis
1919 3913 2114 3969 statu
2155 3891 2476 3966 homines
2525 3893 2662 3991 ipsi
2700 3889 2924 3964 multo

729 4040 806 4098 et
837 4050 916 4096 re
954 4040 1030 4097 et
1066 4027 1357 4122 ingenio
1399 4027 1758 4100 beatiores
1806 4038 1996 4114 sunt,
2040 4023 2137 4095 sic
2183 4024 2255 4094 in
2297 4020 2716 4096 ·infelicibus
2754 4037 2931 4092 tem-

734 4150 1023 4249 poribus
1074 4176 1156 4223 ac
1200 4151 1495 4249 perditis
1542 4154 1642 4225 rei
1694 4148 1988 4248 publicae
2034 4149 2250 4221 rebus
2301 4166 2377 4221 et
2417 4150 2694 4244 ingenia
2724 4172 2919 4219 rare·
