3367 5417
1764 413 1771 424 '
1804 399 1937 475 364

768 560 949 629 pater
977 546 1212 609 amicus
1255 544 1371 605 suit
1409 542 2021 616 senoeaerhetoris„
2050 555 2114 604 et
2155 543 2222 602 in
2264 561 2454 624 opere
2495 541 2629 624 ejus
2656 539 2974 606 rhetorico

768 658 977 705 ›zoster
993 643 1365 726 appellatur,
1396 655 1462 703 et
1484 641 1667 723 hujus
1694 642 1877 703 unius
1903 653 2049 704 sunt
2071 640 2418 713 sententiae,
2448 658 2584 720 quoe
2599 641 2879 703 Gallioni
2901 641 2971 703 in

767 742 874 803 illo
915 741 1375 804 adscribuntur.
1425 740 1482 801 Is
1526 741 1721 821 ipsius
1763 740 2014 803 Senecae
2057 739 2251 801 filium
2267 785 2284 813 ,
2328 738 2677 821 philosophi
2712 738 2973 801 fratmm

771 853 922 903 natu
943 839 1304 915 maximum,
1335 842 1675 922 adoptavit,
1711 840 1816 920 qui
1842 840 2236 902 inde-Iunius
2268 843 2532 901 Annaeus
2552 836 2767 903 Gallio
2794 860 2973 902 voca-

766 941 975 1002 batur.
995 940 1176 1003 Conf.
1198 940 1404 1002 Faber
1419 941 1497 1002 ad
1511 939 1733 1003 Senec.
1756 939 2055 1003 Controv.
2082 940 2170 1015 11,
2195 939 2258 1014 4,
2286 961 2346 1022 p.
2371 941 2485 1003 177
2503 959 2628 1021 sq„
2646 939 2971 1022 Spalding.

769 1043 845 1101 ad
866 1039 1138 1224 Quiptil.
1161 1043 1284 1122 111,
1320 1042 1376 1117 1,
1405 1041 1509 1102 21.
1548 1034 1867 1127 [Schottus
1893 1042 1990 1104 De
2015 1037 2207 1104 claris
2234 1060 2337 1123 ap.
2364 1042 2514 1105 Sen.
2549 1041 2742 1102 rhett.
2778 1061 2843 1123 p.
2875 1041 2972 1104 16.

781 1139 985 1199 Wesc.
2086 1167 2091 1176 ·

573 1350 658 1420 24
674 1356 716 1425 6
1386 1341 1579 1413 CIX.
1636 1340 1886 1413 Julius
1921 1341 2354 1412 Africanus.

845 1573 909 1633 Is
938 1571 1099 1633 filius
1134 1586 1228 1635 est
1261 1572 1416 1636 Julii
1443 1571 1737 1638 Africani
1785 1594 1821 1634 e
1856 1569 2155 1637 Santonis
2186 1568 2436 1637 Gallica
2475 1570 2757 1646 civitate,
2801 1572 2907 1651 qui
2944 1590 2979 1631 a

760 1672 1013 1734 Tiberio
1033 1674 1361 1737 damnatus
1382 1687 1507 1750 est,
1531 1687 1601 1736 nt
1620 1675 1823 1738 Tacit.
1849 1676 2017 1736 Anu.
2038 1675 2153 1749 Vl,
2181 1676 2213 1735 Ἰ
2244 1683 2488 1744 narrat,
2505 1671 2706 1734 frater
2728 1672 2862 1754 ejus
2884 1675 2983 1736 vel

777 1785 1077 1852 cognatus
1102 1784 1276 1838 certe
1306 1786 1401 1836 est
1420 1772 1670 1840 Sextius
1690 1773 2046 1845 AfricauuS,
2075 1773 2180 1854 qui
2206 1791 2428 1836 census
2448 1792 2562 1857 per
2584 1770 2827 1836 Gallias
2857 1769 2984 1851 egit

784 1889 953 1932 anno
968 1870 1161 1935 Urbis
1179 1870 1326 1942 814,
1355 1885 1614 1934 auctore
1628 1870 1827 1934 Tacit.
1852 1874 2023 1932 Ann.
2044 1870 2215 1947 xlv,
2240 1869 2346 1946 46.

860 1965 1028 2030 Dial.
1055 1970 1133 2030 de
1155 1980 1345 2030 oratt.
1373 1987 1431 2031 c.
1465 1969 1580 2034 15:
1615 1968 1814 2030 Video
1840 1967 2027 2032 etiam
2038 1967 2245 2034 Grais
2273 1963 2603 2038 accidisse,
2640 1978 2710 2026 ut
2739 1966 2981 2045 longius

778 2063 941 2125 absit
958 2064 1244 2127 AEschine
1284 2077 1350 2126 et
1384 2064 1801 2128 Demosthene
1827 2065 2127 2128 Sacerdos
2162 2064 2281 2127 iste
2316 2064 2564 2128 Nicetes
2583 2110 2599 2138 ‚
2647 2077 2713 2126 et
2754 2061 2810 2124 si
2849 2064 2984 2146 quis

779 2165 935 2227 alius
966 2166 1270 2246 Ephesum
1298 2166 1398 2229 vel
1427 2166 1759 2249 Mitylenas
1796 2166 2106 2230 contentis
2150 2161 2659 2228 scholasticorum
2701 2165 2985 2230 clamori·

779 2261 897 2323 bus
938 2263 1159 2341 quatit,
1208 2282 1393 2341 quam
1424 2263 1579 2324 Aser
1621 2262 1972 2343 (Domitius
2012 2262 2186 2346 Afer)
2227 2275 2332 2325 aut
2375 2261 2697 2326 Africanus
2740 2258 2982 2342 (Julius

781 2359 1137 2445 Africanus)
1157 2373 1263 2421 aut
1284 2379 1395 2424 vos
1417 2358 1535 2442 ipsi
1557 2381 1594 2421 a
1616 2360 1924 2425 Cicerone
1947 2374 2054 2424 aut
2074 2361 2292 2424 Asinio
2319 2363 2678 2427 recessistis.

851 2497 1113 2550 Sacerdos
1125 2497 1361 2564 Nicetes]
1379 2498 1523 2552 eonf-
1539 2496 1683 2550 Pfin.
1708 2499 1808 2569 Ep.
1826 2498 1922 2562 Vl,
1944 2500 1999 2562 6,
2021 2502 2072 2551 3.

797 2663 802 2668 -
864 2621 1130 2706 Quintil.
1171 2624 1251 2697 X,
1297 2624 1353 2697 l,
1397 2623 1551 2685 118:
1599 2623 1851 2696 Eorum,
1884 2641 2035 2703 quos
2061 2618 2349 2697 viderim,
2388 2622 2694 2682 Domitius
2720 2621 2893 2700 Afer
2924 2636 2985 2680 ee

779 2725 979 2784 Julius
988 2724 1324 2803 Afiicanus
1346 2723 1531 2802 longe
1545 2722 2063 2806 prestantissimi,
2080 2722 2185 2785 hic
2204 2722 2597 2796 concitatior,
2621 2719 2817 2784 sedin
2839 2741 2989 2783 cura

779 2824 1112 2892 verborum
1134 2822 1363 2886 nimius
1383 2838 1447 2886 et
1468 2824 1919 2905 compositione
1956 2841 2401 2903 nunnunquam
2424 2822 2761 2901 longior-et
2776 2835 2988 2884 -trans-

782 2923 1116 2988 lationibus
1129 2944 1355 3007 parum
1375 2924 1671 2990 modicus.
1697 2969 1704 2978 .
2334 2963 2341 2970 ·

868 3022 964 3082 ld.
991 3019 1136 3096 ΧΠ,
1167 3022 1269 3096 10,
1299 3021 1366 3082 ll
1397 3043 1413 3081 z
1443 3022 1600 3084 Tum
1625 3021 1854 3083 deinde
1879 3020 2225 3084 efflorescat
2252 3038 2377 3084 non
2423 3020 2681 3084 multum
2718 3017 2894 3084 inter
2923 3040 2993 3084 se

784 3119 1144 3189 distantium
1172 3109 1453 3203 tempore
1483 3133 1803 3186 oratorum
1828 3122 2055 3201 ingens
2080 3133 2443 3203 proventus.
2488 3121 2611 3185 Hic
2644 3120 2775 3192 vim
2794 3121 2990 3190 cm·

783 3220 897 3295 ris,
945 3220 1212 3282 indolem
1241 3218 1445 3293 Caelii,
1485 3218 1894 3296 subtilitatem
1934 3215 2185 3289 Calidii.
2233 3214 2623 3297 diligentiam
2662 3217 2983 3294 Pollionis,

784 3315 1149 3395 dignitatem
1182 3316 1476 3390 Messalae‚
1520 3315 1916 3378 sanctitatem
1954 3314 2157 3386 Calvi,
2201 3315 2577 3393 gravitatem
2608 3314 2813 3389 Bruti,
2852 3335 2990 3379 acu·

782 3434 926 3477 men
956 3411 1240 3497 Sulpicii,
1272 3414 1672 3477 acerbitatem
1697 3413 1897 3475 Cassii
1927 3414 2353 3497 reperiemus3
2395 3415 2464 3475 in
2493 3414 2572 3475 iis
2595 3413 2810 3487 etiam,
2845 3434 2997 3496 quos

783 3513 911 3596 ipsi
934 3512 1220 3590 vidimus,
1255 3516 1496 3598 copiam
1524 3515 1798 3590 senecae,
1831 3515 2000 3578 virm
2035 3514 2337 3588 Africani,
2371 3516 2792 3577 maturitatem
2828 3515 2992 3586 'Arx-i,

778 3615 1230 3697 jucunditatem
1269 3609 1497 3701 Crispi,
1546 3636 1766 3679 sonum
1795 3615 2113 3690 Trachali,
2159 3613 2534 3696 elegantiam
2571 3615 2890 3680 Secundi:
2932 3631 2998 3678 at

785 3715 874 3774 M.
902 3713 1172 3776 Tullium
1214 3711 1282 3774 in
1322 3713 1627 3788 omnibus,
1657 3731 1800 3794 quae
1844 3708 1912 3774 in
1954 3731 2194 3793 quoque
2233 3712 2588 3789 laudantur,
2633 3713 2994 3777 eminentis-

786 3833 1031 3880 simum.

821 3937 824 3944 ·
871 3914 1180 3986 ld.v111,.
1213 3915 1274 3986 5,
1323 3913 1436 3973 15:
1482 3914 1801 3975 sambae
1838 3912 2036 3991 magis
2064 3931 2225 3976 nova
2251 3914 2703 3976 sententiarum
2731 3932 2988 3993 genera.

790 4013 894 4074 Ex
923 4019 1261 4093 inopinato.
1280 4043 1368 4060 -·
1389 4014 1728 4095 Insigniter
1756 4014 2090 4077 Africanus
2126 4017 2298 4092 apud
2326 4013 2646 4075 Neronem
2684 4016 2763 4074 de
2801 4029 2991 4075 mone

787 4116 1008 4170 matris
1030 4137 1051 4169 .-
1089 4112 1331 4191 Rogam
1368 4126 1450 4184 te,
1480 4110 1718 4185 Caesar,
1749 4111 1976 4172 Gallioe
2005 4126 2149 4185 tuce,
2177 4111 2621 4191 infelicitatem
2655 4127 2830 4173 tuam
2842 4111 2986 4193 for·

784 4212 1142 4288 titerjbras.
