3367 5417
342 604 620 672 affictis
643 601 1025 683 libertatem,
1053 606 1359 671 Cicerone
1381 607 1769 684 defendente,
1801 602 2192 688 impugnavit
2219 608 2291 670 P.
2332 604 2541 669 Servi·

341 706 450 780 lio,
486 706 607 786 Ap.
633 700 893 766 Claudio
912 705 1085 769 Coss.
1109 725 1169 767 a.
1197 706 1342 769 674.
1372 701 1621 768 Titiniae
1637 701 1865 778 deinde
1887 725 2028 770 cum
2047 703 2348 767 Cicerone
2370 701 2547 766 affuit

341 805 412 868 in
435 802 672 885 judicio
711 797 956 886 privato
983 805 1085 867 vel
1124 805 1415 881 maximo,
1461 825 1604 867 cum
1639 805 1833 871 Curio
1867 824 1984 888 pro
2013 802 2280 889 petitore
2305 801 2548 867 diceret

340 903 483 967 Ser.
512 901 725 964 Naevio
751 899 906 986 (Cic.
940 904 1117 966 Brut.
1152 924 1212 968 c.
1238 904 1365 988 60).
1410 906 1570 967 Nam
1601 903 1789 986 Oppii
1825 924 2031 978 causa,
2061 923 2243 986 quem
2277 901 2549 964 defendit

340 996 592 1071 Cicero,
612 1018 741 1061 non
766 999 957 1073 hunc,
980 1003 1090 1063 sed
1113 1002 1200 1062 Μ.
1225 1002 1467 1064 Cottam
1486 1001 1751 1064 fratrem
1775 1013 2042 1084 spectat.
2074 999 2255 1063 Conl'.
2277 997 2542 1082 Quintil.

342 1101 423 1174 V,
451 1098 557 1175 10,
585 1100 690 1173 693
730 1098 832 1176 13,
859 1099 978 1176 203
1026 1101 1138 1173 xl,
1180 1100 1240 1177 1,
1283 1100 1389 1165 67.
1439 1098 1686 1164 Deinde
1725 1102 1848 1166 Cn.
1890 1100 2279 1165 Dolabellam
2315 1099 2438 1163 Cn.
2470 1099 2540 1159 F.

345 1207 571 1257 contra
596 1195 671 1259 C.
696 1194 998 1259 Caesarem
1018 1196 1291 1261 defendit
1327 1219 1386 1261 a.
1413 1199 1574 1274 6763
1618 1218 1802 1282 quem
1837 1195 2092 1281 patroni
2130 1195 2552 1280 praepollentis

344 1292 413 1357 vi
437 1294 559 1357 sibi
585 1294 746 1378 eripi
764 1294 971 1360 Caesar
997 1310 1247 1379 questus
1272 1309 1392 1362 est.
1434 1299 1532 1362 De
1555 1299 1677 1362 hac
1701 1299 2127 1374 accusatione,
2171 1318 2253 1359 ne
2291 1296 2370 1358 ab
2411 1293 2554 1358 aliis

344 1394 516 1457 dicta
540 1408 912 1478 repetamus,
941 1398 1021 1459 ad
1039 1399 1326 1479 Pighium
1351 1402 1519 1463 Ann.
1544 1401 1658 1475 111,
1682 1419 1748 1481 p.
1774 1398 1898 1463 280
1927 1401 2073 1464 coll.
2101 1398 2248 1474 286,
2273 1397 2553 1477 relegan-

344 1493 465 1554 dos
479 1493 760 1556 ducimus
774 1493 1057 1560 lectores.
1090 1499 1248 1561 Nam
1264 1497 1384 1559 suit
1404 1496 1562 1559 alius
1584 1497 1934 1571 Dolabella,
1957 1499 2031 1559 L.
2050 1497 2126 1557 F.
2152 1516 2189 1558 a
2206 1499 2293 1558 M.
2315 1496 2555 1558 Scauro

347 1590 741 1655 adolescente
767 1591 1111 1656 damnatus.
1145 1598 1459 1658 Praeterea
1478 1594 1677 1657 Cotus
1703 1593 1830 1657 Pro
1860 1595 1932 1655 L.
1952 1592 2210 1654 Veterio
2231 1592 2398 1653 liber
2427 1588 2554 1671 pri·

351 1706 488 1749 mus
538 1687 867 1752 adducitur
915 1708 953 1750 a
994 1688 1283 1753 Charisio
1325 1689 1417 1762 11,
1453 1706 1519 1769 p.
1546 1688 1704 1764 1953
1765 1707 1946 1768 quem
1983 1688 2315 1749 Veturium
2370 1682 2559 1747 fuisse

352 1782 706 1866 suspiceriS,
755 1785 872 1847 nisi
911 1787 1118 1865 gentis
1146 1783 1418 1849 Veturioe
1443 1802 1519 1845 eo
1556 1794 1838 1866 tempore
1874 1784 2176 1847 memoria
2218 1784 2326 1845 vix
2350 1799 2558 1863 super-

353 1895 538 1950 esset.
589 1883 834 1946 Deinde
881 1887 1071 1947 etiam
1098 1885 1265 1946 hunc
1290 1883 1535 1947 Cottam
1574 1880 1818 1946 Veterii
1857 1895 2194 1966 patronum
2233 1882 2419 1944 fuisse
2454 1882 2560 1941 du·

352 1975 548 2041 bitari
590 1990 815 2061 potest.
851 1977 1035 2044 Dixit
1073 1980 1244 2041 enim
1270 1976 1496 2042 Cicero
1521 1978 1592 2040 in
1618 1977 1910 2042 Oratore.
1958 1999 2017 2041 c.
2042 1977 2153 2055 38,
2186 1977 2342 2040 nihil
2369 1977 2567 2042 Cottae

351 2075 655 2157 scriptum
682 2094 974 2150 manere3
1006 2088 1076 2136 ut
1103 2076 1182 2137 de
1204 2072 1533 2137 Messalino
1567 2073 1778 2147 Cotta,
1803 2073 2074 2138 Corvini
2098 2074 2251 2150 filio,
2288 2071 2563 2152 cogitare

353 2174 702 2237 adducaris.
735 2175 861 2238 Sed
880 2177 1018 2238 hoec
1042 2187 1173 2237 tota
1200 2174 1470 2238 incerta.
1509 2173 1878 2240 Orationem
1902 2173 2100 2237 Cottae
2133 2174 2202 2238 in
2238 2175 2564 2236 consulatu

351 2271 519 2353 apud
553 2271 911 2336 Sallustium
949 2272 1290 2335 secundum
1316 2272 1455 2333 veri
1497 2272 1810 2351 quandam
1851 2268 2318 2335 similitudinem
2353 2270 2565 2335 fictam

353 2387 488 2431 esse
518 2382 1006 2432 consentaneum
1030 2381 1147 2431 est.
1200 2369 1354 2451 Quae
1393 2369 1591 2432 Cottae
1626 2366 2117 2443 inscribebatur,
2165 2369 2302 2449 lege
2331 2366 2559 2447 Varia,

353 2486 494 2530 eam
523 2487 560 2529 a
587 2469 659 2530 L.
691 2467 851 2530 AElio
885 2465 1085 2530 Cottae
1123 2480 1347 2547 rogatu
1374 2467 1778 2548 compositam
1817 2467 2014 2531 refert
2040 2466 2264 2531 Cicero
2287 2470 2464 2530 Brut.
2500 2490 2560 2531 c.

357 2566 463 2642 56,
489 2565 635 2629 205.
672 2563 781 2653 [V.
807 2565 887 2627 fr.
915 2584 981 2647 p.
1013 2563 1131 2629 163
1156 2560 1284 2651 sq.]
1306 2595 1391 2611 ·--
1416 2560 1527 2624 His
1552 2563 1643 2626 ita
1668 2565 1912 2648 positis,
1945 2564 2219 2646 locisque
2249 2561 2316 2626 in
2346 2563 2568 2647 primis

353 2664 788 2731 Ciceronianis
816 2665 1214 2750 comparatis,
1238 2666 1315 2727 de
1332 2665 1519 2729 Cotta
1547 2676 1801 2728 oratore
1827 2664 2013 2727 facile
2040 2665 2166 2726 erit
2184 2665 2561 2729 existimare.

356 2766 682 2830 Summum
712 2764 814 2825 vel
858 2764 1028 2827 inter
1068 2780 1339 2826 summos
1372 2762 1701 2844 oequalium
1734 2773 2057 2826 oratorum
2093 2761 2278 2824 fuisse
2306 2774 2569 2825 testatur

359 2864 498 2928 Cic.
521 2866 703 2927 Brut.
729 2884 786 2926 c.
814 2864 922 2936 55,
958 2865 1117 2946 Epp.
1147 2855 1226 2924 ad
1249 2865 1385 2926 Att.
1407 2863 1561 2940 XII,
1588 2862 1696 2935 20,
1727 2881 2062 2944 paremque
2087 2861 2318 2927 Caesari
2344 2877 2410 2925 et
2434 2863 2567 2928 Sul-

359 2959 530 3047 picio
567 2959 850 3024 habitum
885 2958 1189 3041 Asconius
1216 2957 1439 3022 scribit
1477 2959 1553 3019 ad
1586 2955 1841 3021 Cornel.
1870 2979 1937 3042 p.
1970 2958 2051 3021 66
2079 2961 2181 3022 ed.
2204 2959 2402 3024 Orell.
2450 2960 2572 3023 Sed

361 3062 648 3144 quamvis
674 3074 855 3127 acute
880 3060 1220 3136 inveniret,
1250 3059 1653 3139 limatumque
1678 3053 1932 3121 dicendi
1960 3077 2155 3140 genus
2183 3072 2572 3122 consectare-

360 3172 488 3236 tur,
519 3159 601 3224 ob
638 3159 906 3223 laterum
940 3156 1374 3220 infirmitatem
1411 3176 1450 3218 a
1489 3156 1890 3219 contentione
1931 3156 2250 3219 abstinere
2290 3166 2567 3230 coactus,

362 3257 443 3319 ab
480 3257 816 3320 Hortensio
855 3255 1246 3321 adolescente
1281 3254 1721 3337 superabatur,
1757 3254 2037 3336 quamvis
2061 3249 2314 3317 nomine
2341 3251 2575 3335 primas

364 3370 582 3434 ageret
607 3356 676 3419 in
699 3354 952 3439 judiciis
987 3355 1201 3440 (Brut.
1234 3376 1291 3420 c.
1322 3355 1464 3434 92).
1510 3350 1688 3418 Nihil
1719 3351 1890 3418 enim
1917 3353 2112 3431 dixit,
2144 3352 2308 3434 quod
2335 3351 2573 3433 grande

364 3466 528 3515 esset
553 3466 619 3513 et
644 3452 895 3529 elatum,
925 3454 1089 3516 unde
1116 3453 1384 3529 Atticus,
1417 3453 1488 3516 in
1524 3454 1721 3516 Bruto
1755 3452 1846 3537 (c.
1885 3449 2005 3538 86)
2049 3447 2326 3516 censoris
2362 3460 2575 3531 partes

363 3568 556 3629 agens
585 3566 713 3612 non
738 3568 887 3612 sane
913 3547 1259 3614 honorifice
1286 3552 1365 3613 de
1391 3549 1524 3630 ejus
1549 3549 1905 3630 eloquentia
1930 3545 2265 3612 existimat.
2301 3549 2533 3609 Tamen
2549 3588 2568 3618 ,

364 3662 437 3714 ut
457 3649 824 3711 Hortensius
840 3694 863 3722 ,
905 3667 1020 3731 per
1046 3646 1299 3730 aliquod
1327 3661 1569 3729 tempus
1595 3648 1944 3728 exemplum
1970 3645 2269 3713 Ciceroni
2292 3642 2410 3706 fuit
2435 3644 2570 3706 imi-

360 3743 589 3810 tationi
616 3746 1026 3831 propositum.
1077 3746 1256 3811 Artis
1282 3756 1489 3806 autem
1536 3756 1603 3806 et
1640 3743 1712 3805 in
1750 3744 2029 3807 oratoria
2054 3742 2348 3808 facultate
2388 3762 2574 3825 expo·

364 3843 597 3931 lienda,
624 3846 781 3911 etin
802 3844 1058 3928 reliquis
1079 3842 1449 3927 disciplinis,
1471 3842 1542 3906 in
1573 3841 1797 3927 primis
1825 3842 2231 3927 philosophia,
2258 3841 2576 3926 accipien-

369 3945 467 4009 dis
483 3991 502 4022 ‚
551 3947 837 4028 cupidum
883 3943 1071 4010 fuisse
1086 3992 1104 4020 ,
1151 3943 1315 4007 haud
1364 3938 1870 4026 improbabiliter
1915 3940 2253 4008 existimes.
2308 3945 2469 4006 Nam
2510 3953 2578 4003 et

368 4040 755 4121 dialogorum
774 4043 872 4103 De
895 4053 1147 4108 oratore
1169 4040 1379 4122 capita
1400 4058 1439 4102 a
1455 4038 1644 4103 Cotta
1659 4060 1794 4104 sese
1821 4040 2129 4122 accepisoe
2151 4038 2376 4103 Cicero
2397 4035 2578 4098 fiuxit

363 4139 464 4224 (1,
498 4138 613 4216 883
664 4139 783 4216 111,
823 4137 898 4224 4)
937 4150 1004 4202 et
1042 4129 1425 4204 Academicoe
1449 4149 1634 4200 sectae
1665 4134 1918 4221 placitis
1942 4135 2246 4201 imbutum
2271 4130 2454 4197 libris
2478 4135 2576 4196 De

371 4252 597 4308 natura
625 4241 882 4305 deorum
914 4242 1207 4320 ostendit,
1231 4260 1375 4303 cum
1395 4239 1653 4324 Epicuri
1686 4252 1750 4303 et
1779 4241 2048 4304 Zenonis
2074 4251 2385 4323 praecepta
2410 4235 2571 4302 refu·
