3367 5417
1417 434 1546 502 119

460 568 789 634 Diomedes
825 568 927 640 11,
973 588 1036 650 p.
1080 565 1244 631 468:
1290 592 1319 626 α
1345 567 1410 632 Si
1454 567 1796 653 penultimo
1836 569 2026 634 fuerit
2068 573 2441 660 tribrachys·
2468 579 2571 639 vel

375 669 775 757 pyrrhichius
817 682 884 731 et
921 688 1199 752 paeouum
1239 669 1610 735 successerit
1637 669 1882 754 primus
1917 685 1982 736 et
2022 671 2412 750 novissimuS,
2445 676 2572 741 erit

375 771 626 852 antiqua
655 780 992 843 structura,
1029 786 1161 847 quae
1188 767 1419 830 dicitur
1447 769 1844 847 confragosa:
1872 789 1991 850 qua
2026 790 2172 833 usus
2204 786 2299 833 est
2328 773 2500 835 Cato.
2527 802 2557 835 υ

463 865 666 958 [Adde
683 862 956 929 Bolhuis.
980 885 1043 947 p.
1068 866 1148 927 70
1167 859 1336 950 sqq]

1059 1044 1115 1102 l.
1163 1061 1389 1104 ona-no
1416 1064 1492 1105 nt
1521 1063 1670 1105 Luca
1699 1065 1907 1107 orm.

455 1196 637 1258 Hanc
649 1192 996 1258 orationem
1005 1195 1164 1258 Cato
1175 1191 1397 1256 habuit
1415 1194 1629 1260 consul
1643 1216 1811 1258 anno
1823 1197 1944 1261 558
1956 1243 1970 1256 .
1989 1195 2203 1262 livius
2212 1198 2537 1275 xxxlv,1
2552 1223 2571 1265 ε

387 1294 606 1355 «Inter
631 1290 932 1355 bellorum
960 1310 1329 1373 magnorum
1351 1307 1458 1356 aut
1481 1292 1738 1356 vixdum
1759 1292 2081 1359 finitorum
2113 1310 2220 1358 aut
2247 1296 2575 1363 imminen-

370 1395 528 1456 tium
548 1414 732 1458 curas
748 1390 1107 1456 intercessit
1127 1414 1231 1457 res
1248 1416 1447 1478 parva
1467 1396 1663 1470 dictu,
1680 1398 1790 1457 sed
1811 1417 1942 1477 quae
1960 1395 2180 1460 studiis
2197 1398 2268 1462 iu
2287 1421 2573 1481 magnum

371 1509 693 1559 certamen
715 1496 1078 1558 excesserit.
1107 1496 1193 1556 Μ.
1211 1493 1572 1558 Fundanius
1601 1509 1668 1558 et
1694 1498 1767 1559 L.
1784 1497 2072 1560 Valerius
2100 1497 2340 1563 tribuni
2367 1499 2575 1585 plebei

374 1593 455 1655 ad
491 1593 737 1675 plebem
776 1589 1056 1653 tulerunt
1099 1593 1176 1653 de
1213 1588 1420 1674 Oppia
1451 1592 1597 1672 lege
1635 1592 2022 1671 abroganda.
2054 1596 2311 1660 Tulerat
2335 1618 2469 1661 eam
2496 1598 2572 1662 C.

372 1688 613 1772 Oppius
633 1688 922 1752 tribunus
936 1687 1137 1771 plebis
1150 1689 1233 1771 Q.
1259 1689 1456 1750 Fabio
1474 1688 1657 1772 (111),
1679 1689 1781 1751 Ti.
1804 1690 2174 1773 Sempronio
2189 1695 2362 1757 Coss.
2390 1703 2578 1773 (anno

370 1786 449 1855 U.
477 1786 626 1871 538)
657 1785 726 1850 iu
753 1787 955 1850 medio
981 1788 1206 1849 ardore
1234 1782 1456 1848 Punici
1478 1782 1654 1855 belli,
1678 1804 1758 1846 ne
1783 1808 1902 1872 qua
1930 1788 2148 1849 multer
2168 1791 2310 1869 plus
2338 1811 2578 1852 seman.

369 1892 539 1948 ciam
586 1892 730 1948 aun·
777 1887 1028 1947 haberet
1046 1930 1068 1957 ,
1125 1907 1242 1947 neu
1284 1890 1646 1947 vestimento
1696 1887 2065 1948 versicolori
2118 1904 2412 1966 uteretur,
2464 1912 2581 1953 neu

362 1978 574 2066 juncto
612 1981 894 2044 vehiculo
937 1986 1003 2042 in
1041 1983 1190 2044 urbe
1223 1983 1517 2061 oppidove
1554 1996 1659 2041 aut
1693 1988 1955 2060 propius
1993 1986 2135 2046 inde
2162 1987 2335 2047 mille
2357 2008 2583 2067 passus

372 2086 499 2143 nist·
533 2100 854 2144 sacrorum
886 2080 1274 2160 publicanam
1302 2100 1490 2140 causa
1511 2078 1859 2140 veheretur.
1891 2106 1921 2138 ι
1967 2084 2054 2146 Μ.
2092 2082 2272 2158 Cato,
2318 2083 2424 2168 qui
2466 2104 2579 2168 per

370 2191 567 2243 totam
591 2174 784 2242 vitam
813 2173 1201 2262 parcimonia
1241 2188 1306 2241 et
1346 2180 1682 2239 severitate
1716 2196 1959 2240 morum
1987 2182 2436 2264 rempublicam
2475 2200 2577 2247 m..

374 2275 624 2353 stinuit,
656 2277 966 2360 praecipue
993 2284 1212 2338 auctor
1237 2269 1388 2348 fuit,
1435 2293 1517 2336 ne
1556 2293 1635 2336 ea
1672 2273 1778 2335 lex
1806 2274 2197 2355 aboleretur.
2247 2279 2581 2345 Placuerat

375 2374 687 2461 quondam
715 2375 918 2459 Oppia
946 2376 1082 2448 lex,
1126 2374 1511 2456 temporibus
1536 2373 1702 2456 reip.
1730 2373 1796 2436 id
1824 2376 2315 2457 postulantibus,
2351 2392 2421 2442 ut
2448 2399 2579 2444 mu·

370 2474 563 2544 lieres
590 2480 659 2541 in
695 2474 910 2561 inopia
945 2487 1012 2538 et
1050 2471 1310 2536 miseria
1349 2471 1629 2537 civitatis
1667 2477 1967 2557 pecunias
2002 2475 2308 2560 privataS,
2340 2498 2478 2563 quae
2508 2484 2581 2547 in

374 2577 689 2665 publicum
708 2597 886 2642 usum
904 2572 1073 2640 verti
1094 2574 1428 2650 debebant,
1455 2594 1581 2638 uon
1610 2571 1682 2636 in
1703 2588 1912 2639 vestes
1944 2589 2010 2640 et
2035 2577 2351 2643 luxuriam
2373 2582 2568 2647 effun-

375 2682 618 2745 derent.
649 2675 1111 2743 Remittebatur
1136 2689 1348 2757 postea
1375 2687 1560 2756 atque
1588 2674 2011 2754 abrogabatur
2039 2677 2171 2755 lex,
2203 2676 2348 2760 quia
2377 2683 2576 2744 Roma

374 2774 729 2838 Hannibale
767 2770 940 2836 victo
969 2769 1053 2854 (a.
1082 2770 1230 2858 552)
1264 2769 1503 2835 divitiis
1543 2770 1902 2834 abundabat
1936 2772 2571 2855 Carthaginiensium.

373 2875 678 2940 Catonem
699 2872 991 2936 vicerunt
1013 2884 1332 2934 matronae.

461 2977 669 3059 Ipsam
709 2971 956 3056 quidem
999 2970 1345 3037 orationem
1386 2991 1513 3035 non
1552 2971 1888 3046 habemus,
1934 2990 2134 3055 neque
2173 2976 2334 3039 ullus
2374 2996 2577 3059 gram.

375 3073 633 3136 maticus
666 3071 1078 3151 fragmentum
1117 3070 1251 3155 ejus
1289 3079 1636 3132 memorat:
1683 3081 1859 3130 errat
1887 3064 2056 3131 enim
2083 3067 2397 3152 Sigonius,
2433 3094 2578 3139 cum

379 3173 458 3234 ad
483 3172 728 3235 Livium
751 3167 1041 3245 XXXIV,
1072 3170 1132 3245 1,
1155 3169 1215 3245 7,
1249 3164 1404 3231 dicit
1427 3192 1446 3228 ε
1487 3166 1646 3226 Οἰιαε
1666 3165 2035 3227 Priscianus
2062 3165 2217 3229 hanc
2243 3176 2581 3234 omte‘onem

376 3289 519 3329 cum
544 3266 658 3329 hoc
685 3268 927 3329 indice.-
961 3264 1109 3327 Cato
1138 3269 1203 3326 in
1228 3270 1508 3327 oratione
1527 3290 1549 3325 .-
1582 3263 1673 3325 Νι·
1699 3262 1809 3323 Iex
1838 3264 2442 3349 Oppiagabrogeeur:
2470 3271 2582 3333 sed

376 3365 593 3432 Livius
632 3365 1154 3448 elegantissimam
1194 3364 1543 3433 orationem
1583 3362 1698 3428 lib.
1731 3362 2017 3443 XXXIV,
2053 3367 2116 3445 2,
2158 3369 2223 3447 3,
2253 3368 2318 3447 4,
2351 3368 2581 3439 Catoni

377 3466 625 3543 tribuit,
657 3466 726 3535 in
764 3492 884 3553 qua
923 3485 1195 3535 mentem
1235 3486 1419 3553 atque
1448 3490 1698 3537 sensum
1725 3464 2007 3544 Catonis,
2041 3471 2240 3534 verba
2277 3485 2485 3536 autem
2513 3486 2580 3536 et

375 3568 654 3630 colorem
679 3562 849 3629 Livii
879 3586 1013 3628 esse
1041 3582 1211 3651 puto.
1243 3564 1403 3630 Vide
1429 3568 1711 3629 adnotat.
1745 3564 1825 3626 ad
1849 3564 2132 3628 Africani
2161 3566 2418 3651 majoris
2444 3591 2583 3634 ora«

370 3663 628 3741 tionem,
660 3684 726 3749 p.
752 3666 815 3728 Ἰ.
851 3652 1081 3750 [Recte
1116 3663 1239 3723 huc
1277 3658 1496 3724 retulit
1522 3658 1655 3743 ipse
1686 3660 1978 3743 meyerus
2005 3662 2288 3726 Athenoei
2330 3680 2396 3728 et
2433 3666 2581 3729 Plu.

376 3762 587 3837 tarchi
630 3767 832 3837 locos,
879 3763 1046 3827 infra
1093 3783 1159 3847 p.
1199 3763 1274 3847 91
1325 3762 1693 3844 exscripto&
1746 3755 1990 3844 Quibus
2037 3760 2400 3846 subjicimus
2445 3769 2576 3833 haec

376 3862 697 3942 Bolhuisii,
726 3888 792 3950 p.
824 3865 941 3929 156
963 3890 981 3926 ε
1016 3891 1046 3922 α
1080 3865 1358 3927 Zonaras
1386 3865 1550 3925 Anu.
1577 3864 1692 3937 IX,
1723 3862 1824 3939 17,
1866 3882 2145 3927 servasse
2187 3887 2262 3930 ea
2301 3866 2581 3946 videtur,

376 3978 512 4043 quae
539 3957 610 4022 in
633 3959 1032 4026 conclusione
1053 3958 1356 4024 orationis
1383 3957 1543 4023 dixit
1561 3959 1719 4025 Cato
1756 3982 1774 4021 ε
1804 3975 2167 4047 Κοσμεῖσοωσαν
2206 3976 2284 4035 οὖν
2314 3980 2366 4035 αἱ
2410 3985 2575 4055 γυναῖ-

381 4075 479 4121 κες,
515 4057 640 4129 μήτι
686 4065 873 4130 χρυσῷ,
914 4059 1037 4129 μήτι
1060 4057 1227 4121 λίθοις,
1266 4059 1298 4114 ἤ
1325 4077 1441 4109 τισιν
1479 4057 1691 4129 ἀνθηροῖς
1719 4057 1805 4111 καὶ
1834 4059 2105 4133 ἀμοργῖνοις
2135 4064 2405 4136 ἑψήμασιν,
2447 4066 2574 4120 ἀλλὰ

374 4153 673 4225 nso-⁸⁵¹2
701 4149 979 4223 φιλανδρίαι·
1006 4151 1298 4224 smmis
1341 4153 1516 4219 ”⁸⁸06-
1547 4152 1842 4223 μτοιότπτι»
1869 4156 1966 4215 τοῖς
1994 4155 2151 4227 νόμοις
2183 4161 2281 4221 τοῖς
2306 4163 2570 4232 καμίνοις,

379 4266 470 4323 τοῖς
493 4264 658 4324 ὅπλοις
681 4266 779 4324 τοῖς
803 4265 1069 4335 spetiem,
1095 4267 1199 4325 ταῖς
1226 4262 1393 4329 vino-tt,
1421 4267 1517 4324 τοῖς
1541 4264 1805 4335 τροπαίοις-
1824 4254 1969 4338 QUO
1988 4257 2333 4340 mgishaec
2349 4278 2575 4329 wevera

2639 2368 2714 2439 17
