3367 5417
1439 419 1570 495 109

301 628 316 643 .
419 552 687 619 omnium
703 559 1121 625 Romanorum
1162 559 1602 636 disertissimis,
1626 562 1793 625 haud
1811 579 2116 644 quaquam
2143 559 2435 642 eloquens
2458 576 2593 623 esse

419 652 679 728 videtur,
707 667 773 716 et
792 668 996 719 tamen
1013 657 1205 719 multo
1232 657 1449 721 melius
1473 679 1656 740 qnam
1677 659 1774 722 ini
1800 662 1878 724 de
1894 658 2218 743 republica
2243 656 2488 732 meruit,
2523 668 2595 718 ut

416 745 639 811 Cicero
667 751 736 813 in
765 754 1107 833 posteriore
1142 754 1280 818 loco
1306 756 1404 818 De
1429 769 1679 821 oratore
1706 757 1979 839 probare
2004 754 2258 819 studuit.

499 843 614 909 Cic
641 847 739 909 De
765 847 930 911 offic.
962 851 1048 926 11,
1089 850 1205 913 12:
1240 848 1336 914 Ti.
1369 853 1691 918 Gracchus
1717 855 1787 915 P.
1828 854 1901 915 F.
1934 850 2168 915 tamdiu
2197 847 2548 913 laudabitur
2568 892 2589 919 ,

415 941 559 1004 dum
584 943 880 1009 memoria
914 967 1122 1011 rerum
1149 950 1566 1013 Romanarum
1593 951 1898 1015 manebit.
1930 953 2018 1013 At
2056 947 2190 1030 ejus
2213 946 2366 1022 filii,
2406 944 2588 1008 Tibe-

413 1035 545 1100 rius
571 1051 636 1107 et
664 1039 868 1118 Caius,
901 1065 1016 1107 nec
1056 1042 1186 1107 vivi
1214 1046 1641 1128 probabantur
1686 1046 1893 1122 bonis,
1925 1060 1992 1111 et
2016 1046 2243 1110 mortui
2270 1061 2595 1107 numerum

410 1132 702 1199 obtinent
723 1136 865 1221 jure
894 1160 1209 1206 coesorum.

706 1289 831 1361 IV.
882 1293 964 1363 P.
1010 1292 1310 1370 Cornel.
1340 1296 1585 1396 Scipio
1612 1295 2009 1372 Africanus
2036 1295 2295 1394 major.

498 1440 796 1523 Quamvis
833 1444 918 1506 sit
943 1446 1276 1512 verisimile
1292 1490 1313 1522 ‚
1351 1449 1509 1511 nihil
1548 1449 1851 1532 scriptum
1891 1447 2211 1529 reliquisse
2247 1445 2597 1528 Scipionem

413 1537 818 1621 superiorem,
864 1560 995 1606 non
1022 1543 1199 1606 omisi
1225 1564 1386 1618 eum,
1447 1544 1591 1625 quia
1631 1544 1997 1607 ferebantur
2026 1543 2137 1605 sub
2179 1544 2312 1625 ejus
2347 1540 2598 1605 nomine

416 1637 647 1720 aliquot
679 1640 1018 1705 orationes.
1060 1638 1226 1733 [Cos.
1259 1662 1318 1705 a.
1351 1646 1435 1712 U.
1474 1640 1595 1707 548
1624 1656 1691 1705 et
1719 1637 1903 1728 559]

503 1738 726 1803 Cicero
761 1742 857 1803 De
890 1740 1058 1804 offic.
1091 1744 1202 1818 111,
1242 1744 1268 1803 1
1310 1765 1327 1805 τ
1359 1744 1542 1807 Nulla
1568 1741 1701 1824 ejus
1723 1739 2080 1828 (Africani)
2119 1739 2356 1821 ingenii
2384 1758 2597 1801 monu-

419 1849 630 1901 menta
650 1840 940 1903 mandata
960 1837 1213 1916 litteris,
1245 1841 1480 1905 nullum
1505 1862 1658 1924 opus
1675 1839 1811 1914 otii,
1840 1840 2077 1903 nullum
2098 1835 2445 1903 solitudinis
2472 1857 2598 1899 mu·

419 1956 534 1999 nus
553 1950 771 2000 exstat.
935 1980 938 1983 ι
1495 1971 1504 1982 -
2082 1962 2095 1975 ·

499 2034 840 2098 Ferebatur
875 2041 1067 2097 oratio
1113 2036 1197 2097 P.
1236 2037 1539 2116 Scipionis
1604 2040 1900 2099 adversus
1943 2037 2042 2097 M.
2089 2036 2376 2098 Naevcum
2425 2032 2593 2093 Tn‘b.

410 2135 530 2214 pL,
564 2155 730 2201 anno
760 2133 881 2199 568
906 2136 1141 2199 habita.

498 2233 642 2294 Liv.
681 2232 977 2309 XXXIX,
1022 2234 1098 2297 52
1136 2255 1154 2295 ε
1201 2232 1558 2315 Scipionem
1607 2249 1671 2298 et
1709 2235 2008 2321 Polybius
2056 2244 2121 2297 et
2161 2228 2432 2296 Rutilius
2485 2230 2603 2292 hoc
2655 2214 2697 2282 6

415 2350 580 2394 anno
621 2332 790 2416 (570)
844 2347 1151 2397 mortuum
1195 2333 1501 2397 scribunt.
1555 2337 1687 2416 Ego
1724 2355 1921 2418 neque
1956 2335 2055 2397 his
2097 2353 2296 2415 neque
2347 2331 2597 2393 Valerio

416 2432 721 2493 assentior
753 2432 906 2507 this,
942 2433 1103 2514 qnod
1130 2431 1486 2495 censoribus
1511 2434 1601 2495 Μ.
1636 2435 1882 2509 Porcio,
1925 2434 1999 2494 L.
2031 2431 2281 2494 Valerio
2312 2426 2403 2511 (a.
2437 2430 2599 2503 569)

414 2527 764 2610 principem
793 2541 1040 2592 senatus
1063 2526 1259 2612 ipsum
1285 2532 1360 2592 L.
1397 2530 1720 2594 Valerium
1749 2548 2067 2593 censorem
2087 2528 2373 2602 inveni03
2412 2547 2598 2611 quum

414 2625 836 2708 superioribus
881 2627 1082 2689 tribus
1116 2627 1327 2689 lustris
1352 2627 1682 2693 Africanus
1706 2628 1940 2703 fuisset,
1994 2644 2112 2706 quo
2159 2626 2324 2699 vivo,
2374 2626 2496 2686 nisi
2532 2637 2602 2684 ut

414 2726 524 2788 ille
552 2740 774 2789 senatu
798 2738 1173 2804 moveretur,
1231 2750 1412 2811 quam
1452 2742 1665 2793 notam
1706 2747 1887 2791 nemo
1929 2727 2242 2789 memoriae
2287 2724 2596 2808 prodidit,

417 2819 576 2883 alius
599 2819 893 2906 princeps
911 2820 979 2884 in
1002 2822 1204 2885 locum
1228 2825 1360 2910 ejus
1383 2827 1580 2890 lectus
1604 2844 1731 2887 non
1746 2838 1927 2886 esset.
1946 2823 2261 2889 Antiatem
2286 2835 2602 2885 auctorem

416 2919 648 2985 refellit
689 2920 957 2985 tribunus
991 2923 1196 3003 phebis
1254 2928 1355 2988 M.
1402 2925 1645 2988 Naevtus
1659 2973 1680 3000 ,
1726 2926 2007 2986 adversus
2055 2944 2235 3008 quem
2276 2929 2473 2984 oratio
2519 2928 2603 2982 ἰη-

419 3025 648 3099 scripta
680 3018 762 3080 P.
806 3020 1104 3101 Africani
1118 3036 1229 3082 est.
1263 3021 1383 3085 nic
1411 3022 1655 3085 Noevius
1679 3022 1749 3083 in
1793 3018 2256 3101 magistratuum
2293 3017 2476 3081 libris
2508 3031 2606 3081 est

419 3117 706 3180 tribunus
744 3117 834 3200 pl.
875 3119 949 3179 P.
979 3115 1265 3193 Claudio,
1296 3120 1367 3182 L.
1399 3119 1625 3185 Porcio
1665 3119 2017 3181 consulibus
2062 3116 2252 3200 (569),
2308 3118 2415 3178 sed
2462 3113 2607 3175 iniit

418 3215 799 3279 tribunatum
832 3216 954 3299 Ap.
999 3215 1277 3293 Claudio,
1329 3219 1413 3280 Μ.
1460 3217 1829 3300 Sempronio
1878 3213 2228 3280 consulibus
2268 3209 2435 3298 (568)
2463 3224 2607 3274 ante

422 3313 585 3375 diem
613 3324 898 3394 quartum
924 3315 1064 3375 Idus
1092 3315 1492 3379 Decembres.
1527 3318 1682 3379 Inde
1710 3330 1839 3379 tres
1865 3332 2106 3397 menses
2140 3314 2220 3375 ad
2267 3313 2410 3373 Idus
2446 3310 2608 3371 Mar·

425 3410 544 3471 tias
570 3423 740 3484 sunt,
770 3408 991 3493 quibus
1022 3414 1094 3476 P.
1136 3411 1448 3490 Claudius,
1481 3415 1555 3476 L.
1595 3414 1855 3478 Porcius
1895 3413 2277 3477 consulatum
2304 3406 2602 3469 inierunt.

424 3513 523 3574 Ita
552 3524 619 3574 et
663 3510 885 3575 vixisse
911 3512 982 3572 in
1010 3512 1330 3576 tribunatu
1355 3515 1548 3577 Naevii
1576 3514 1849 3587 videtur,
1889 3514 2138 3597 diesque
2164 3511 2226 3577 ei
2271 3509 2396 3572 dici
2430 3508 2511 3571 ab
2537 3526 2609 3570 eo

423 3608 724 3690 potuisse,
767 3605 1093 3671 decessisse
1141 3622 1349 3671 antem
1391 3623 1535 3672 ante
1571 3612 1645 3671 L.
1696 3610 1935 3671 Valerii
1973 3623 2038 3673 et
2075 3612 2162 3671 M.
2212 3607 2422 3671 Porcii
2463 3626 2604 3669 cen·

422 3725 648 3768 suram.

508 3800 643 3864 Cic.
682 3802 779 3863 De
802 3813 965 3865 orat.
998 3800 1084 3874 11,
1113 3799 1216 3874 61,
1245 3800 1403 3863 249:
1432 3798 1730 3884 Quidhoc
1766 3798 1970 3862 Noevio
2014 3804 2289 3880 ignavius
2313 3798 2347 3857 2
2395 3818 2612 3862 severe

427 3895 663 3981 Scipio.

497 4005 674 4060 Noevae'o
714 4004 968 4080 ἶςπανίω]
1014 4006 1300 4062 ridiculum
1339 4009 1511 4063 oritur
1549 4027 1616 4064 ex
1659 4007 2108 4063 annominatione.
2160 4006 2221 4061 ld
2264 4026 2326 4060 ex
2373 4006 2611 4058 oratione

567 4094 802 4147 Africani
829 4097 887 4149 in
918 4096 994 4148 M.
1030 4096 1266 4149 Naevium
1293 4111 1566 4170 sumptum
1593 4096 1825 4150 videtur.

511 4195 753 4261 Gellius
781 4195 891 4271 lv,
940 4196 1056 4259 18:
1091 4194 1244 4259 Cum
1286 4196 1370 4258 Μ.
1419 4196 1663 4261 Naevius
1708 4197 1996 4261 tribunus
2033 4195 2240 4280 plebei
2293 4206 2615 4259 accusaret
