3367 5417
1840 462 1973 533 100

794 610 1096 681 perpetua
1127 597 1617 662 vemificatorum
1652 611 1718 661 et
1757 600 2243 661 declamatorum
2272 599 2535 660 materia
2554 640 2572 669 ,
2618 610 2841 660 eontra
2875 599 3018 662 haec

795 697 960 760 mala
996 698 1312 772 valebant,
1355 697 1585 782 quippe
1614 718 1755 761 cum
1785 717 1859 769 eo
1890 700 2023 781 ipso
2075 698 2482 761 cohaerentes.
2528 696 2690 757 Nam
2732 696 2829 758 his
2854 696 3018 779 ipsis

792 796 1268 859 recitationibus
1296 796 1364 861 in
1393 817 1572 860 mum
1591 798 1802 871 venit,
1843 811 1941 873 ut,
1985 798 2091 878 qui
2127 786 2274 858 novi
2300 794 2505 859 videri
2534 792 2808 867 vellent,
2849 814 2933 856 ne
2969 816 3015 857 a

792 895 1056 958 morosis
1073 893 1389 978 jndicibus
1415 895 1945 979 improbarentur,
1979 895 2316 959 verborum
2345 883 2657 965 acumina,
2679 893 2915 954 fra'ctas
2943 909 3010 956 et

793 992 1076 1056 concisas
1100 994 1466 1066 sententias,
1497 1010 1796 1056 enervem
1829 994 2339 1077 compositionem
2375 1002 2727 1073 captarent,
2753 990 2879 1053 imo
2899 1010 3011 1053 vo-

791 1088 1015 1152 cabula
1035 1089 1167 1171 jam
1187 1088 1430 1172 pridem
1454 1090 1777 1172 antiquata
1801 1092 1899 1154 vel
1921 1091 2068 1154 solis
2088 1092 2286 1175 poetis
2309 1107 2879 1152 concessa-rursum
2906 1088 3008 1151 in-

791 1190 1117 1255 ducerent.
1141 1192 1326 1253 Hunc
1348 1189 1632 1252 morbum
1655 1192 1847 1257 etiam
1869 1191 2278 1257 maximorum
2300 1188 2610 1261 nonnulli,
2640 1200 2710 1249 ut
2726 1189 3001 1264 Tacitus,

790 1307 919 1349 non
946 1288 1330 1351 devitarunt.
1376 1292 1580 1350 Erant
1603 1301 1814 1351 tamen
1845 1290 1953 1353 alii
1983 1288 2261 1371 quidam,
2298 1307 2425 1349 non
2455 1286 2668 1361 multi,
2703 1286 2812 1367 qui
2839 1289 3005 1349 anti·

789 1403 1053 1465 quorum
1079 1386 1349 1449 lectione
1373 1385 1672 1450 innutriti
1698 1406 1820 1449 snae
1847 1388 2048 1451 aetatis
2066 1387 2221 1450 vitia
2242 1380 2698 1463 intelligerent,
2721 1396 2788 1445 et
2810 1404 3012 1465 quan-

787 1496 923 1545 tum
940 1503 1056 1566 per
1075 1502 1181 1547 eos
1200 1484 1427 1561 stabat,
1449 1482 1825 1551 devitarent.
1854 1488 1992 1549 Non
2014 1506 2164 1568 epus
2180 1497 2275 1546 est
2287 1485 2361 1545 C.
2378 1482 2650 1547 Plinium
2672 1483 3001 1558 minorem,

790 1597 856 1647 et
873 1584 983 1666 qui
999 1585 1067 1647 in
1083 1585 1325 1668 majore
1338 1586 1742 1670 simplicitate
1763 1588 1989 1652 tersior
2003 1601 2120 1661 est,
2140 1590 2223 1649 M.
2248 1584 2505 1648 Fabium
2517 1581 3000 1667 Quintilianum,

787 1683 1008 1748 multis
1028 1686 1306 1752 laudare.
1340 1688 1538 1752 Recte
1566 1691 1635 1753 hi
1660 1702 1729 1753 et
1752 1691 1975 1753 horum
2010 1689 2241 1751 similes
2268 1683 2416 1749 solis
2448 1685 2768 1748 veteribus
2800 1698 3009 1749 orato·

786 1806 929 1850 rum
957 1807 1183 1851 nomen
1213 1789 1577 1854 tribuebant
1617 1790 1824 1875 (Dial.
1868 1794 1946 1855 de
1986 1803 2173 1855 oratt.
2206 1811 2265 1853 c.
2297 1790 2355 1863 1,
2390 1789 2534 1851 coll.
2566 1788 2667 1863 14,
2697 1789 2839 1872 15),
2880 1806 3011 1851 suae

790 1886 991 1949 aetatis
1016 1887 1370 1950 hominibus
1394 1891 1543 1951 satis
1570 1891 1829 1953 honoris
1854 1910 2010 1963 esse,
2044 1890 2101 1951 si
2124 1888 2344 1951 diserti
2382 1901 2447 1952 et
2483 1887 2785 1950 causidici
2820 1907 3005 1951 voca-

785 1999 1037 2060 rentur,
1067 1989 1519 2055 existimantes.
1551 1991 1634 2051 Et
1659 1987 2004 2053 causidicos
2030 2000 2204 2052 recte
2234 1989 2492 2063 dixeris„
2527 1988 2748 2070 quibus
2774 2000 3006 2070 proeter

789 2083 1513 2146 eausasoentumvirales
1546 2097 1612 2147 et
1650 2085 2110 2149 accusationem
2139 2086 2639 2149 defensionemve
2677 2085 2746 2145 in
2782 2098 3005 2146 senatu

651 2214 662 2227 ·
759 2178 951 2257 ‚nihil
977 2182 1289 2263 reliquum
1319 2195 1482 2245 erat.
1519 2184 1700 2248 Conf.
1738 2184 1905 2248 Dial.
1936 2207 1992 2248 c.
2021 2186 2127 2261 38,
2162 2187 2325 2250 Plin.
2352 2189 2512 2269 Epp.
2547 2187 2599 2261 1,
2625 2188 2701 2258 ὃς
2734 2184 2846 2260 IX,
2880 2185 3005 2259 23³

786 2280 872 2355 It,
928 2279 1076 2342 14³*
1127 2282 1247 2346 Sed
1286 2284 1470 2364 longe
1503 2282 1773 2367 plurima
1812 2285 2183 2348 disertorum
2212 2299 2277 2349 et
2304 2287 2795 2349 declamatorum
2822 2306 2997 2368 parS,

789 2396 934 2444 suas
959 2381 1173 2445 laudes
1201 2384 1365 2449 mira
1393 2385 1756 2463 arrogantia
1777 2386 2144 2467 praedicans,
2168 2398 2408 2449 tantum
2438 2386 2613 2461 afuit,
2640 2398 2710 2446 nt
2727 2405 2862 2448 sese
2881 2383 3004 2447 illis

793 2479 1068 2561 antiquis
1096 2482 1319 2542 cedere
1349 2481 1719 2557 faterentur,
1759 2496 1826 2544 ut
1861 2503 1994 2545 sese
2020 2485 2181 2547 solos
2211 2498 2425 2548 acutos
2453 2505 2610 2556 esse,
2636 2481 2804 2546 solos
2842 2482 3005 2547 bene

791 2579 1112 2656 invenire,
1161 2581 1501 2658 collocare,
1550 2603 1739 2663 agere
1778 2586 2295 2667 pronuntiarent3
2344 2597 2589 2647 veteres
2629 2581 3009 2645 inveniendo

791 2673 1062 2758 ineptoS,
1098 2675 1321 2762 longos
1358 2692 1422 2742 et
1458 2679 1682 2742 otiosos
1707 2681 1776 2741 iu
1804 2683 2182 2756 enarrando,
2224 2681 2432 2743 verbis
2471 2679 2776 2753 horridos,
2820 2692 3003 2758 gestu

789 2776 1100 2858 antiquos,
1124 2774 1430 2842 obsoletos
1451 2791 1516 2841 et
1537 2800 1712 2863 paene
1730 2780 2028 2844 barbaros
2050 2783 2336 2844 dicerent
2350 2779 2538 2863 (Dial.
2564 2801 2625 2843 c.
2649 2781 2754 2857 19,
2778 2778 2997 2853 21-23‚

789 2875 1034 2939 Seneca
1069 2872 1237 2957 Epit.
1264 2875 1569 2939 Controv.
1604 2876 1720 2938 lib.
1762 2879 1876 2953 111,
1917 2899 1982 2961 p.
2009 2879 2185 2964 399.)
2230 2881 2315 2941 At
2333 2877 2759 2964 Quintilianus
2780 2879 2899 2954 lx,
2934 2880 2998 2953 4,

795 2970 956 3049 1423
988 2973 1100 3044 xl,
1136 2973 1193 3049 1,
1223 2974 1327 3047 563
1356 2974 1519 3047 3,13
1544 2987 1609 3036 et
1635 2975 1739 3051 57,
1767 2976 1935 3037 Dial.
1964 2996 2020 3039 c.
2049 2976 2156 3049 26,
2182 2973 2607 3058 turpissimum
2627 2994 2703 3037 eo
2725 2987 3003 3057 tempore

715 3126 730 3143 ,
789 3085 1030 3155 gestum
1059 3084 1125 3135 et
1149 3075 1563 3146 scenicorum,
1594 3076 1807 3156 quales
1826 3088 1978 3139 tunc
2005 3090 2215 3154 erant,
2242 3078 2514 3139 lasciviae
2538 3076 2803 3139 similem
2820 3075 3003 3139 fuisse

789 3182 1125 3233 testantur.
1158 3170 1278 3235 Sed
1305 3174 1487 3252 vigor
1506 3170 1712 3235 virilis
1737 3185 1803 3234 et
1824 3175 1987 3237 recti
2010 3194 2223 3237 sensus
2251 3174 2667 3257 plurimorum
2680 3175 3005 3236 hominum

790 3270 1099 3333 mentibus
1127 3271 1283 3333 adeo
1313 3270 1669 3346 effluxerat,
1713 3284 1781 3333 ut
1817 3292 1999 3354 quem
2043 3272 2407 3354 eloquentiae
2436 3272 2729 3356 princeps
2754 3272 2907 3333 olim
2930 3272 3002 3333 in

761 3380 985 3428 'scena
1013 3386 1305 3446 regnare,
1339 3379 1405 3428 et
1432 3364 1683 3431 disertis
1719 3370 2006 3432 omnibus
2042 3372 2324 3454 exemplo
2370 3372 2995 3452 esseeprotmntiavit,

789 3467 1116 3544 Roscium,
1147 3487 1307 3532 cum
1350 3467 1641 3533 Ambivio
1683 3470 2003 3552 Turpione
2045 3483 2485 3554 compararent
2527 3467 2734 3552 (Dial.
2768 3491 2831 3533 c.
2866 3472 2999 3555 20).

789 3565 959 3647 Quin
990 3567 1069 3628 ad
1095 3561 1585 3647 antiquissimoS,
1618 3586 1772 3648 quos
1803 3580 2126 3650 tantopere
2153 3568 2607 3649 despiciebant,
2643 3569 2852 3630 nescio
2879 3587 3004 3648 quo
3094 3576 3105 3587 “

791 3677 972 3743 pacto
1002 3662 1234 3745 delapsi
1255 3677 1422 3740 sunt,
1447 3679 1516 3726 ut
1538 3664 1635 3727 his
1662 3662 1905 3728 similes
1920 3666 2030 3728 uni
2060 3663 2241 3749 operi·
2265 3664 2712 3729 declamatorio
2741 3665 2999 3740 intenti,

861 4028 882 4052 ³*
926 4025 1001 4073 De
1031 4020 1134 4075 hoe
1162 4019 1353 4093 judicii
1382 4038 1434 4078 et
1471 4043 1749 4078 causarum
1791 4043 1983 4094 genet-c
2013 4045 2062 4076 v.
2092 4037 2281 4097 proeter
2310 4025 2502 4079 Polleti
2533 4026 2673 4078 nist.
2707 4025 2808 4078 fori
2840 4026 2996 4076 Rom.

791 4109 884 4171 111,
915 4112 996 4171 13,
1032 4110 1116 4173 14,
1142 4109 1393 4164 insertam
1419 4112 1693 4165 Poleniaui
1719 4109 1972 4163 Thesauri
1992 4112 2098 4164 vol.
2130 4112 2172 4175 1,
2206 4112 2485 4184 Sigonium
2506 4115 2580 4165 De
2603 4110 2826 4185 judiciis
2843 4111 2912 4174 ll,
2939 4110 2993 4161 in

787 4193 1140 4250 Thes.Graev.
1165 4197 1271 4251 vol.
1301 4198 1369 4264 ll,
1401 4218 1455 4269 p.
1494 4201 1645 4263 1711,
1672 4210 1727 4251 et
1755 4198 2000 4251 Siccamae
2038 4196 2208 4252 libell.
2246 4200 2322 4251 Dc
2355 4200 2636 4253 Centumr.
2658 4196 2883 4271 judicie,
2915 4194 3001 4247 ib.

787 4297 839 4348 p.
881 4280 1008 4332 1824
1039 4297 1152 4350 sqq.
