3367 5417
1331 444 1414 515 31

287 603 350 664 p.
386 583 455 642 71
476 627 489 640 .
512 581 685 644 Adde
700 580 782 642 fr.
815 600 882 662 p.
928 576 1102 666 Ill-l
1144 585 1229 644 At
1256 582 1551 646 Blossium
1580 578 1993 662 Campanum,
2020 577 2296 641 Gracchi
2325 579 2478 640 ami·

285 701 423 744 cum
451 730 467 757 ,
501 682 921 764 philosophum
966 680 1198 763 injuria
1226 680 1377 744 facit
1400 681 1768 744 Plutarchus
1809 679 1857 742 l.
1894 698 1952 740 c.
2002 679 2099 740 De
2127 678 2481 761 eloquentia

285 784 520 850 Tiberii
554 804 681 848 non
711 784 921 865 inepte
941 783 1106 845 idem
1132 783 1462 859 existimat,
1497 802 1637 845 cum
1662 780 1967 844 adscribit
1992 781 2053 841 ei
2088 777 2231 847 λόγον
2251 779 2369 838 τἰὣν
2396 780 2482 833 καὶ

289 882 548 954 ἐπαγωγὸν
608 880 769 932 οἴκτου
788 918 805 942 ,
856 892 1161 962 vocatque
1211 887 1274 948 τῇ
1336 880 1460 942 λέξει
1520 880 1728 949 καθαρὸν
1796 877 1881 931 καὶ
1930 877 2341 949 διαπεπονημένον
2394 879 2484 931 ἀι·

291 980 462 1050 ριβῶςτ
490 999 609 1043 nec
636 980 717 1042 ab
738 993 1054 1054 sonasnnt,
1086 982 1233 1043 licet
1259 981 1463 1043 minus
1481 992 1805 1055 accurata,
1850 980 2173 1042 Ciceronis
2197 982 2266 1042 in
2296 981 2490 1041 Bruto

287 1070 485 1147 rerba
529 1102 588 1144 c.
663 1081 740 1144 27
770 1129 789 1156 ,
870 1083 1012 1145 104.
1080 1084 1286 1144 Duros
1354 1084 1405 1145 si
1451 1083 1886 1148 Gracchorum
1949 1082 2084 1144 fore
2145 1081 2490 1143 imitatores

291 1198 503 1249 eemet
530 1181 951 1262 Quintilianus
973 1186 1063 1257 11,
1090 1187 1149 1259 5,
1187 1184 1259 1246 21
1289 1232 1304 1259 ,
1345 1198 1521 1247 recte
1536 1186 1655 1245 hoc
1683 1177 1857 1255 dicit‘,
1884 1184 1937 1244 si
1957 1183 2122 1247 solos
2139 1184 2485 1245 imitentur.

288 1287 680 1349 Voluntatem
707 1285 945 1346 Tiberii
964 1304 1107 1346 cum
1128 1285 1405 1347 laudavit
1430 1285 1566 1348 Cic.
1598 1284 1905 1347 Rullianae
1929 1286 2018 1357 Π,
2058 1307 2114 1347 c.
2146 1286 2249 1359 29,
2284 1303 2491 1365 quam-

290 1385 386 1446 vis
407 1384 741 1446 Plutarcho
759 1382 1106 1445 consentiat
1124 1383 1169 1443 l.
1192 1403 1252 1445 c.
1280 1380 1493 1466 (cujus
1514 1384 1582 1443 in
1606 1384 1728 1444 hac
1751 1403 1844 1457 re,
1883 1395 2096 1465 utpote
2115 1383 2253 1468 Caji
2281 1382 2495 1444 fratris

294 1482 642 1546 matimonio
672 1481 815 1554 nisi,
843 1480 995 1541 fides
1016 1482 1377 1558 gravissima
1402 1487 1556 1556 est),
1601 1483 1830 1562 populo
1856 1484 2085 1563 aliquid
2121 1482 2498 1544 concessisse

296 1582 642 1643 credendus
667 1579 814 1639 erit.
844 1580 1002 1639 Nam
1025 1579 1382 1650 innumeros
1400 1580 1540 1640 illos
1568 1580 1736 1640 locos
1777 1600 2123 1642 memorare
2154 1581 2310 1642 nihil
2352 1580 2498 1640 atti·

297 1688 429 1750 net,
453 1675 671 1755 quibus
697 1675 884 1734 homo
907 1693 1105 1735 novus
1123 1689 1189 1736 et
1215 1694 1291 1735 ea
1312 1675 1446 1755 ipsa
1468 1675 1545 1734 de
1575 1694 1761 1736 causa
1789 1676 2132 1738 acerrimus
2163 1675 2502 1738 nobilitatis

298 1774 585 1836 defensor
603 1773 673 1834 in
698 1772 1020 1852 utriusque
1040 1772 1319 1836 Gracchi
1338 1791 1567 1834 nomen
1595 1774 2204 1837 contumeliosissime
2221 1775 2504 1836 invectus
2617 1821 2626 1826 .

299 1883 414 1933 est.
449 1871 653 1931 Famae
671 1883 877 1932 autem
900 1866 1140 1930 Tiberii
1168 1869 1362 1930 frater
1382 1870 1581 1947 gloria
1602 1868 1804 1951 major
1825 1872 1914 1932 ita
1933 1872 2194 1946 obstitit,
2223 1883 2291 1932 nt
2307 1871 2328 1953 (
2343 1873 2506 1952 quod

300 1975 367 2036 in
388 1986 564 2034 tanto
591 1972 838 2034 homine
864 1970 1131 2053 mirere)
1156 1971 1432 2051 reliquiae
1459 1973 1587 2032 sint
1625 1974 1978 2034 orationum
2003 1974 2206 2045 nullae,
2240 1986 2305 2035 et
2326 1974 2506 2034 unius

301 2074 720 2135 tantummodo
758 2091 983 2134 nomen
1013 2083 1235 2134 exstet.
1286 2074 1443 2133 Nam
1472 2090 1605 2152 quae
1633 2073 2008 2136 Plutarchus
2056 2074 2269 2151 habet,
2325 2094 2506 2154 argn-

300 2174 527 2237 meutis
551 2193 704 2235 vero
732 2174 894 2235 haud
915 2173 1242 2248 absimilia,
1268 2172 1479 2235 verbis
1508 2173 1666 2233 nihil
1711 2193 1748 2234 a
1792 2175 2085 2238 Graccho
2123 2177 2507 2258 desumptum

301 2273 556 2335 habent.
622 2268 729 2358 [V.
780 2271 859 2332 fr.
929 2271 1039 2331 111
1096 2268 1263 2358 sqq]
1312 2269 1608 2342 Αέντόγραφα
1655 2274 2005 2334 orationum
2036 2294 2225 2355 usque
2266 2275 2345 2336 ad
2380 2274 2509 2338 Pli-

303 2366 400 2431 nii
434 2366 685 2448 majoris
708 2379 985 2448 tempora
1011 2365 1284 2441 fuerunt3
1344 2367 1447 2427 sed
1489 2385 1635 2428 rara
1658 2380 1723 2428 et
1772 2369 1942 2431 inter
1981 2390 2317 2452 paucorum
2345 2391 2507 2432 ama-

302 2481 511 2529 torum
531 2483 770 2526 manus.
802 2466 960 2525 Nam
986 2463 1119 2545 ipse
1149 2464 1446 2524 maximus
1487 2462 1796 2526 librorum
1814 2466 2196 2546 conquisitor
2223 2468 2354 2528 haec
2380 2486 2510 2530 non

304 2567 546 2638 habuit,
578 2567 686 2628 sed
712 2565 870 2627 vidit
905 2566 1066 2648 apud
1107 2578 1352 2648 poetam
1379 2565 1784 2645 Pomponium
1814 2565 2199 2629 Secundume
2231 2589 2294 2630 v.
2340 2569 2507 2631 nist.

305 2667 453 2728 Nat.
487 2665 666 2738 xm,
699 2664 800 2726 12.
830 2663 1001 2724 lnira
1021 2678 1230 2724 tamen
1269 2665 1345 2724 A.
1386 2663 1579 2726 Gellii
1608 2677 1889 2743 tempora
1931 2664 2140 2745 inopia
2176 2666 2512 2748 descripto·

305 2784 450 2828 rum
487 2765 776 2826 interisse
822 2767 1108 2846 putandae
1135 2778 1309 2840 sunt3
1359 2783 1506 2824 nam
1548 2764 1711 2845 apud
1756 2763 1923 2825 hunc
1952 2766 2512 2828 constantissimum

309 2865 701 2944 antiquitatis
729 2877 1159 2927 assectatorem
1183 2864 1374 2925 multa
1390 2862 1552 2945 Caji,
1591 2862 1762 2924 nulla
1799 2863 2034 2925 Tiberii
2063 2866 2346 2929 Gracchi
2374 2885 2511 2928 ora-

313 2963 557 3024 tionum
574 2962 807 3023 mentio
824 2974 942 3024 est.

400 3062 495 3122 De
545 3060 839 3124 Graccho
900 3059 1336 3137 tragoediarum
1382 3060 1688 3141 scriptore
1761 3079 1820 3121 v.
1874 3056 2144 3142 interpp.
2197 3061 2273 3121 ad
2327 3061 2512 3124 Ovid.

314 3163 501 3224 Pont.
538 3161 655 3232 lv,
683 3159 786 3232 16,
811 3156 917 3219 31.
956 3154 1111 3245 [Ubi
1131 3155 1423 3219 Heinsius
1442 3159 1679 3220 fallitur
1699 3161 1776 3221 de
1797 3171 2007 3220 nostro
2029 3154 2380 3244 Graccho]

406 3257 511 3319 24.
560 3258 773 3319 Latius
798 3256 869 3316 C.
916 3253 1194 3316 Gracchi
1227 3256 1526 3318 memoria
1548 3271 1741 3339 patet.
1775 3258 1839 3318 ls
1869 3253 2071 3335 major
2113 3253 2387 3332 ingenio,
2436 3256 2521 3316 fa-

322 3356 548 3417 cundia
575 3355 1004 3418 vehementior
1026 3368 1090 3415 et
1115 3355 1213 3415 ira
1242 3357 1317 3415 ad
1346 3354 1736 3418 ulciscendas
1762 3354 1972 3416 fratris
1999 3351 2261 3433 injurias
2303 3371 2522 3415 accen·

322 3471 451 3526 sus,
480 3469 620 3516 cum
659 3455 1017 3516 tirocinium
1046 3453 1295 3516 dicendi
1337 3455 1402 3516 in
1432 3454 1812 3517 defendendo
1840 3454 2050 3516 Vettio
2088 3453 2373 3532 quodam,
2403 3452 2525 3514 sibi

325 3555 529 3617 amieo
561 3601 578 3629 ,
652 3554 949 3634 posuisset
979 3553 1176 3636 (Plut.
1232 3555 1301 3614 in
1363 3551 1511 3617 Vita
1560 3576 1618 3619 c.
1666 3556 1694 3614 1
1724 3553 1767 3637 ),
1834 3566 1980 3615 ante
2026 3566 2391 3633 quaesturam
2442 3555 2525 3616 le-

326 3673 469 3733 gem
502 3651 816 3716 Carbonis
843 3652 919 3711 de
946 3650 1217 3712 tribunis
1259 3650 1614 3713 reficiendis
1642 3650 1855 3726 suasit,
1908 3663 1974 3712 et
2020 3664 2281 3732 quaestor
2310 3672 2367 3713 a.
2404 3653 2525 3715 627

327 3751 526 3829 legem
554 3751 625 3811 Τ.
669 3747 847 3810 Junii
882 3747 1108 3818 Penni,
1159 3765 1339 3827 quem
1367 3746 1591 3808 deinde
1631 3747 2054 3809 adversarium
2099 3748 2318 3810 habuit
2359 3746 2525 3830 (Cic.

331 3848 508 3908 Brut.
545 3866 607 3908 c.
658 3845 797 3928 28),
852 3845 929 3906 de
971 3840 1323 3926 peregrinis
1370 3842 1527 3905 urbe
1577 3842 1879 3925 pellendis
1907 3843 2317 3928 impugnavit.
2349 3847 2531 3908 Hunc

333 3945 614 4007 Peunum
643 3961 784 4004 cum
813 3959 851 4003 a
877 3942 1171 4007 Graccho
1200 3938 1501 4020 agitatum
1529 3938 1769 4004 scribat
1791 3944 2197 4007 Gernhardus
2238 3946 2316 4005 ad
2340 3942 2526 4006 Offic.

336 4044 459 4119 111,
498 4041 598 4113 ll,
623 4040 730 4112 47,
754 4037 1014 4112 erravit,
1047 4037 1103 4101 si
1138 4037 1384 4122 quidem
1412 4041 1490 4101 ad
1521 4040 1722 4103 locum
1757 4037 1933 4101 Bruti
1958 4042 2140 4102 modo
2161 4041 2412 4102 allatum
2434 4059 2532 4101 re-

336 4142 561 4228 spuit.
587 4143 896 4204 Perlatam
920 4153 1127 4205 tamen
1146 4142 1310 4204 hanc
1331 4142 1531 4220 legem
1561 4138 1818 4220 Pighius
1839 4144 2007 4202 Ann.
2037 4142 2162 4203 vol.
2186 4142 2298 4216 111,
2322 4163 2386 4224 p.
2423 4142 2527 4216 35,

338 4251 450 4311 sed
468 4265 595 4311 non
623 4239 700 4308 ex
732 4241 886 4308 locis
924 4240 1379 4314 Ciceronianis,
1411 4245 1772 4323 persuadet.
1809 4245 2042 4308 Verum
2067 4255 2409 4307 metuentes
2440 4243 2533 4306 in-
