3367 5417
1380 482 1402 546 l
1420 476 1507 545 53

325 613 571 673 athomi
588 615 845 680 eveniat,
883 613 1049 696 quod
1063 627 1302 673 nostrus
1333 613 1625 673 secundas
1648 632 1751 672 res
1768 613 2071 694 'caefitten
2100 630 2249 672 neve
2276 608 2409 675 ltoec
2433 612 2538 673 [ιυ-

328 716 460 773 titia
476 714 661 771 nimis
678 711 994 773 luxuriose
1017 717 1274 773 evem'at.
1307 714 1610 774 Adversa,-
1632 732 1733 772 res
1756 708 2045 787 edomant
2059 726 2120 771 et
2141 713 2373 785 docent,
2396 714 2544 797 quid

327 827 472 887 opus
501 812 581 867 sit
597 808 782 888 facto
802 831 834 883 ,·
860 809 1143 870 secunda:
1178 830 1277 869 res
1303 811 1515 871 laetitia
1553 825 1969 871 transvorsum
2001 810 2243 868 trudere
2273 810 2465 869 solent
2502 832 2545 869 a

329 919 491 967 recte
532 905 898 967 consulendo
923 921 1111 990 atque
1136 907 1552 987 intelligendo.
1587 908 1725 989 Quo
1758 902 1999 988 majore
2029 926 2214 985 opere
2237 906 2374 965 dico
2410 926 2545 965 sua-

334 1005 583 1088 deoque,
615 1008 704 1062 uti
729 1003 861 1064 Izoec
898 1025 998 1064 res
1026 1006 1256 1091 aliquot
1282 1007 1418 1066 dies
1441 1008 1822 1087 proseratur,
1860 1007 2005 1064 dum
2018 1026 2111 1071 ea:
2137 1019 2303 1066 tanto
2324 994 2550 1084 gaudio

336 1107 400 1162 in
422 1117 787 1182 potestatem
813 1119 1089 1165 nostram
1117 1107 1460 1167 redeamus.

422 1202 628 1285 Atque
650 1220 766 1281 ego
797 1203 1045 1285 quidem
1077 1202 1362 1278 arbitror,
1396 1201 1773 1265 Rhodienses
1816 1204 2077 1264 noluisse
2109 1223 2221 1263 nos
2250 1207 2338 1261 ita
2369 1203 2556 1279 depu-

335 1320 555 1381 gnare,
601 1305 689 1359 uti
723 1302 1135 1381 depugnatum
1172 1319 1288 1374 est,
1338 1324 1534 1388 neque
1585 1323 1802 1382 regem
1846 1304 2081 1364 Persen
2124 1308 2195 1363 vi
2196 1308 2379 1364 cisse.
2429 1300 2561 1362 Non

341 1397 710 1459 Rhodienses
738 1401 924 1459 moda
951 1401 1021 1459 id
1039 1401 1306 1474 noluere,
1337 1402 1451 1461 sed
1481 1398 1703 1460 multos
1722 1401 1982 1478 populos
1994 1416 2178 1486 atque
2206 1400 2430 1463 multas
2455 1420 2560 1461 na-

344 1499 542 1556 tiones
582 1495 744 1555 idem
771 1494 1038 1557 noluisse
1063 1496 1353 1557 arbitror.
1397 1499 1602 1581 Atque
1628 1494 1795 1554 haud
1825 1500 1953 1557 scio
1972 1518 2051 1559 an
2077 1501 2314 1574 partim
2348 1516 2564 1556 eorum

350 1595 605 1664 tuerint,
653 1598 761 1678 qui
807 1615 927 1654 non
962 1610 1185 1656 nostrae
1220 1592 1602 1656 contumelia.»
1630 1615 1819 1655 causa
1856 1597 1925 1653 id
1949 1596 2244 1655 noluerint
2268 1600 2522 1659 evenire
2542 1620 2562 1652 .-

347 1695 461 1755 sed
481 1699 651 1754 enim
674 1695 746 1752 id
766 1709 1061 1763 metuere,
1094 1699 1152 1754 si
1173 1715 1355 1754 nemo
1378 1706 1538 1755 esset
1557 1691 1765 1764 boma,
1790 1714 1972 1779 quem
1993 1712 2369 1768 vereremur,
2385 1695 2572 1778 quod·
2672 1758 2679 1767 ,

342 1813 459 1877 que
475 1793 704 1853 luberet
713 1794 1103 1873 jaceremus,
1136 1813 1215 1853 ne
1247 1793 1360 1854 sub
1388 1792 1520 1853 solo
1548 1795 1812 1871 imperio
1841 1808 2049 1854 nostro
2068 1798 2136 1852 in
2161 1798 2446 1856 servitute
2466 1813 2568 1852 no-

347 1907 478 1952 stra
503 1906 705 1952 essent
718 1915 749 1966 ,·
790 1890 1087 1953 libertatis
1126 1912 1254 1952 suoe
1288 1912 1474 1951 causa
1498 1896 1560 1950 in
1600 1910 1680 1950 eu
1705 1897 2003 1951 sententia
2031 1893 2248 1971 fitisse
2275 1892 2567 1951 arbitror.

355 1990 566 2072 Atque
619 1986 1000 2047 Rhodienses
1044 2002 1252 2047 tamen
1301 1987 1538 2048 Persen
1579 1986 1822 2065 publice
1862 2006 2199 2072 numquam
2257 1983 2570 2069 adjuvere.

363 2088 657 2167 Cogitate,
688 2101 912 2171 quanto
959 2108 1073 2148 nos
1121 2092 1282 2146 inter
1326 2108 1437 2147 nos
1459 2091 1752 2165 privatim
1783 2090 2021 2147 cautius
2059 2088 2368 2167 facimus.
2411 2086 2573 2148 Nam

345 2178 504 2246 'unus
526 2190 779 2270 quisque
807 2200 1107 2260 nostrum,
1150 2191 1209 2246 si
1229 2190 1363 2272 quis
1389 2187 1676 2247 advorsus
1714 2207 1849 2246 rem
1872 2208 2052 2247 suam
2088 2187 2237 2271 quid
2244 2187 2393 2268 fieri
2413 2185 2576 2247 arbi·

354 2298 569 2356 tratur,
604 2303 855 2343 summa
885 2287 956 2341 vi
988 2298 1202 2343 contra
1228 2287 1456 2358 nititur,
1494 2303 1570 2341 ne
1605 2285 1901 2343 advorsus
1928 2303 2074 2342 eam
2082 2283 2209 2365 fiat
2220 2311 2251 2364 ,-
2290 2285 2454 2369 quod
2483 2282 2578 2343 illi
2634 2323 2719 2397 50

858 2382 873 2397 .
2630 2369 2645 2392 .

361 2396 570 2440 tamen
586 2398 890 2457 perpessi.

444 2479 544 2539 Ea
568 2499 723 2537 nunc
760 2479 1087 2555 derepente
1129 2492 1296 2538 tanta
1327 2499 1441 2539 nos
1484 2479 1777 2560 beneficia
1805 2478 1963 2539 ultro
2012 2482 2283 2563 citroque
2312 2494 2574 2540 tantam·

362 2594 480 2659 que
497 2578 856 2635 amicitiam
885 2574 1295 2657 relinquemus
1314 2568 1346 2631 P
1379 2574 1562 2655 Quod
1587 2574 1729 2633 illos
1752 2576 2019 2634 dicimus
2045 2574 2576 2656 voluissejacere,

360 2677 431 2734 id
444 2695 555 2735 nos
577 2677 816 2752 priores
817 2675 1047 2754 fizcere
1072 2671 1506 2750 occupabimus
1523 2670 1556 2730 Ρ

454 2774 581 2853 Qui
603 2775 915 2830 acerrime
943 2771 1232 2831 advorsus
1250 2791 1359 2831 eos
1386 2771 1557 2844 dicit,
1586 2775 1673 2829 ita
1702 2772 1864 2844 dicit,
1896 2766 2091 2831 hostis
2117 2770 2390 2832 voluisse
2393 2772 2554 2855 fieri
2560 2819 2575 2832 .

369 2870 608 2953 Ecquis
635 2879 729 2926 est
750 2867 1000 2926 tandem
1030 2870 1136 2950 qui
1162 2881 1536 2938 vostrorum,
1571 2868 1734 2951 quod
1771 2869 1857 2925 ad
1875 2887 2006 2926 sese
2035 2871 2308 2943 attineat,
2337 2890 2583 2954 oequum

370 2982 634 3039 censeat,
658 2987 879 3046 poenas
913 2969 1063 3027 dare
1091 2965 1169 3026 ob
1198 2988 1344 3027 eam
1366 2988 1529 3039 rem,
1562 2968 1727 3053 quod
1738 2981 2034 3047 arguatur
2053 2968 2449 3049 malefacere
2478 2991 2585 3030 vo-

371 3069 618 3133 luisse?
649 3066 846 3131 Nemo
866 3074 1090 3147 opinor
1109 3095 1131 3128 .·
1155 3091 1306 3129 nam
1327 3089 1468 3149 ego,
1497 3071 1662 3153 quod
1682 3069 1769 3128 ad
1792 3088 1895 3128 me
1911 3072 2146 3140 attinet,
2176 3069 2396 3129 nolim.

462 3168 629 3250 Quid
663 3187 819 3227 nunc
838 3163 871 3224 J>
899 3167 1120 3251 Ecqua
1152 3167 1400 3226 tandem
1422 3166 1530 3225 lex
1558 3182 1650 3227 est
1675 3180 1807 3226 tam
1825 3165 2077 3240 acerba,
2118 3187 2257 3249 quae
2294 3166 2457 3227 dicat
2478 3190 2499 3224 .-
2525 3166 2598 3226 Si

369 3274 509 3355 quis
532 3268 685 3328 illud
677 3263 913 3353 facere
931 3268 1217 3343 voluerit,
1248 3267 1421 3326 mille
1448 3270 1719 3335 nummi,
1739 3266 2348 3347 dinu’diumfizmilioe
2369 3265 2597 3327 mulcta

373 3382 502 3428 esto
522 3390 554 3443 ,-
585 3372 642 3427 si
688 3372 826 3452 quis
861 3368 1002 3447 plus
1027 3371 1344 3452 quingenta
1350 3361 1582 3449 jugera
1630 3364 1855 3426 habere
1900 3366 2186 3440 voluerit,
2219 3380 2388 3429 tanta
2418 3384 2598 3444 poena

376 3479 531 3532 esto,
549 3478 608 3522 et
629 3467 685 3521 si
697 3469 830 3547 quis
849 3460 1160 3548 majorem
1173 3484 1438 3542 pecuum
1459 3484 1786 3523 numerum
1801 3461 2031 3525 habere
2051 3464 2331 3538 voluerit,
2360 3475 2595 3521 tantum

378 3565 640 3622 damnas
667 3576 797 3621 esto
817 3559 849 3617 Ρ
873 3562 1066 3644 Atqui
1089 3581 1201 3622 nos
1230 3567 1440 3621 omnia
1454 3563 1636 3639 plura
1661 3560 1886 3621 habere
1909 3562 2220 3631 volumus,
2249 3576 2309 3620 et
2337 3562 2408 3621 id
2428 3559 2602 3621 nobis

379 3670 627 3743 impune
648 3677 764 3722 est.

465 3760 595 3819 Sed
621 3762 680 3819 si
707 3756 1000 3817 honorem
1028 3777 1148 3817 non
1183 3777 1425 3838 aequum
1447 3771 1539 3815 est
1564 3753 1777 3815 haberi
1804 3754 1880 3815 oh
1900 3777 2047 3815 eam
2077 3778 2237 3829 rem,
2266 3760 2429 3842 quod
2453 3758 2607 3820 bene

366 3859 596 3939 facere
634 3855 888 3917 voluisse
918 3858 1056 3939 quis
1084 3855 1249 3923 dicit,
1292 3872 1482 3936 neque
1492 3853 1665 3932 jecit
1692 3867 1901 3912 tamen
1925 3878 1945 3910 .-
1969 3851 2409 3917 Rhodiensibus
2444 3857 2609 3917 male

383 3964 531 4032 erit,
562 3978 681 4018 non
719 3957 881 4041 quod
901 3955 1383 4036 malefecerunt,
1416 3955 1529 4014 sed
1551 3957 1701 4040 quia
1742 3954 2006 4013 voluisse
2034 3956 2557 4039 dicunturfizcere
2576 3957 2610 4016 2

468 4058 846 4122 Rhodienses
889 4055 1186 4133 superbos
1224 4075 1360 4114 esse
1388 4057 1583 4129 aiunt,
1631 4054 1700 4113 id
1719 4047 2116 4133 objectantes,
2162 4058 2329 4141 quod
2356 4058 2518 4119 mihi
2553 4075 2615 4120 et

384 4156 601 4216 liberis
649 4156 802 4212 meis
843 4156 1095 4210 minime
1138 4151 1262 4209 dt‘ci
1297 4151 1508 4211 velim.
1545 4152 1681 4209 Sint
1724 4170 1872 4208 sane
1912 4152 2181 4228 superbi.
2225 4155 2395 4234 Quid
2428 4157 2500 4215 id
2531 4160 2619 4217 ad

383 4276 492 4315 nos
516 4256 729 4313 attinet
758 4247 789 4306 ἑ)
833 4248 986 4308 Idne
1023 4252 1372 4307 irascimini
1379 4293 1395 4321 ,
1423 4252 1482 4307 si
1509 4250 1650 4331 quis
1679 4245 2005 4324 superbior
2030 4260 2119 4308 est
2145 4270 2335 4333 quam
2364 4274 2475 4313 nos
2496 4251 2530 4311 P

2317 4378 2391 4428 20
