3367 5417
1832 464 1974 539 340

603 616 744 693 222
881 597 1138 661 Sueton.
1193 596 1393 677 Galig.
1439 577 1497 664 οξ
1554 601 1666 661 16:
1709 600 1837 660 Tua·
1865 601 2137 676 Laboeni,
2196 601 2384 660 cordi
2432 600 2751 672 crematis,
2805 599 3015 659 cassu·

797 694 1013 756 Severi
1036 693 1274 777 scripta
1299 709 1550 759 senatus
1588 695 1889 760 consultis
1915 698 2149 762 abolita
2179 694 2416 779 requiri
2451 708 2516 758 et
2543 716 2676 758 esse
2705 699 2773 759 in
2805 698 3007 759 mani-

683 793 690 802 '
798 795 912 857 bus
939 797 1332 879 lectitarique
1352 796 1637 880 permisit
1662 797 1963 878 Caligula.
2404 827 2411 836 ·

887 893 1057 955 Alius
1086 893 1162 954 T.
1189 896 1391 954 Ateius
1414 894 1720 956 Labienus
1748 897 1825 960 C.
1856 896 2179 959 Rabirium
2208 894 2651 978 perduellionis
2676 895 3010 978 postulavit

801 989 1170 1054 defendente
1216 993 1523 1057 Cicerone
1565 1014 1626 1055 a.
1669 997 1751 1061 U.
1795 997 1941 1059 690.
2002 992 2120 1059 Hic
2160 1016 2197 1057 a
2246 995 2490 1059 Caesare
2527 996 2606 1056 ad
2646 994 3006 1077 Pompeium

797 1093 1049 1155 transiit
1085 1092 1404 1175 filiumque
1431 1097 1672 1167 habuit,
1721 1096 1824 1176 qui
1866 1117 1933 1158 se
1966 1097 2406 1179 imperatorem
2435 1097 2794 1158 Parthicum
2823 1098 3011 1175 vulgo

795 1193 1017 1257 haberi
1035 1196 1252 1258 voluit.
1285 1198 1408 1258 Dio
1434 1199 1609 1261 Cass.
1643 1199 1927 1269 XLVIII,
1963 1199 2065 1260 26.

882 1296 1130 1359 Charis.
1177 1318 1242 1381 p.
1292 1301 1419 1364 59:
1470 1300 1715 1378 Clipeus
1768 1300 2113 1363 masculino
2155 1321 2387 1380 genere
2441 1298 2509 1361 in
2551 1299 3013 1378 significatione

801 1395 964 1457 scuti
991 1397 1266 1478 ponitur,
1300 1410 1370 1459 ut
1412 1397 1722 1459 Labienus
1757 1396 1870 1473 ait,
1906 1411 2128 1460 neutro
2167 1412 2371 1461 autem
2413 1417 2646 1478 genere
2674 1395 3013 1478 imaginem

803 1490 1136 1570 signifieat.

874 1626 1177 1702 imaginem]
1205 1627 1449 1704 intellige
1477 1630 1677 1703 clipeos
1710 1652 1822 1695 eos,
1854 1634 1910 1685 in
1933 1633 2131 1704 quibus
2157 1633 2326 1704 imago
2352 1631 2573 1684 Caesaris
2599 1650 2851 1704 expressa
2876 1645 3014 1685 erat.

891 1756 1113 1819 Senec.
1138 1758 1435 1839 Excerpt.
1467 1756 1771 1822 Controv.
1805 1779 1895 1833 iv,
1932 1779 2075 1841 pag.
2110 1758 2234 1821 440
2270 1781 2287 1820 ι
2332 1758 2528 1820 Pollio
2554 1760 2807 1821 Asinius
2856 1780 3013 1820 nuu-

803 1872 988 1933 quam
1018 1853 1280 1915 admissa
1306 1854 1697 1918 multitudine
1722 1855 2116 1929 declamavit,
2156 1875 2271 1916 nec
2298 1855 2393 1916 illi
2417 1852 2673 1917 ambitio
2709 1856 2779 1918 in
2809 1857 3010 1918 studio

803 1949 1016 2011 defuit.
1063 1949 1309 2012 Primus
1344 1951 1511 2012 enim
1552 1952 1827 2015 omnium
1866 1954 2286 2014 Romanorum
2316 1950 2637 2014 advocatis
2662 1952 3017 2014 hominibus

805 2047 1040 2130 scripta
1078 2067 1191 2109 sua
1237 2048 1550 2111 recitavit.
1585 2051 1665 2110 Et
1694 2046 1841 2113 inde
1871 2064 1986 2124 est,
2028 2050 2194 2130 quod
2236 2048 2538 2109 Labienus
2578 2048 2763 2111 homo
2791 2051 3018 2111 mentis

803 2161 987 2224 quam
1038 2140 1264 2222 linguae
1294 2145 1625 2207 amarioris
1662 2146 1816 2209 dicit
1850 2167 1866 2206 ε
1901 2145 2022 2205 Ille
2071 2143 2452 2223 ttiumphulis
2489 2165 2683 2205 senes:
2711 2150 3019 2205 acroaseis

804 2262 952 2303 suas
973 2263 1277 2326 nunquam
1295 2245 1526 2322 populo
1565 2250 1902 2315 commisit,
1937 2249 2064 2306 slve
2085 2248 2226 2329 quic:
2247 2265 2476 2323 parum
2506 2250 2570 2303 in
2598 2244 2721 2303 illis
2747 2243 3021 2304 habuerit

780 2340 1075 2421 fiduciae,
1109 2346 1252 2413 sive,
1298 2345 1463 2426 quod
1498 2348 1702 2422 magis
1737 2344 2129 2417 crediderim,
2177 2358 2375 2402 tantus
2401 2359 2614 2403 orator
2657 2347 2925 2418 inferius
2957 2346 3022 2402 id

806 2456 956 2515 opus
985 2441 1235 2517 ingenio
1262 2458 1372 2498 suo
1400 2437 1669 2498 duxerit.

1433 2636 1618 2711 XCI.
1681 2635 2055 2713 Cornelius
2110 2633 2389 2752 Gallus.

894 2840 1159 2923 Quintil.
1199 2844 1252 2919 I,
1290 2844 1352 2916 5,
1389 2845 1428 2906 8
1463 2863 1480 2902 ε
1517 2843 1586 2904 ln
1617 2842 1902 2904 oratione
1930 2842 2213 2914 Labieni,
2247 2842 2378 2902 sive
2409 2838 2519 2901 illa
2557 2841 2831 2901 Cornelii
2860 2842 3031 2903 Galli

816 2954 930 3018 est,
962 2943 1030 3003 in
1048 2940 1392 3005 Pollionem
1421 2965 1645 3003 casnar
1672 2957 2009 3005 assectator
2035 2964 2071 3004 e
2098 2942 2303 3007 Gallia
2334 2943 2590 3005 ductum
2622 2957 2736 3004 est.

889 3080 1121 3133 Cornelii
1150 3081 1333 3148 Galli]
1369 3080 1679 3134 Cornelium
1714 3082 1931 3134 Gallum
1958 3080 2220 3150 intelligo,
2259 3080 2353 3149 qui
2386 3099 2495 3132 non
2533 3079 2687 3132 modo
2719 3094 2900 3132 orator
2936 3082 3029 3134 sed

961 3164 1121 3218 etiam
1156 3164 1532 3218 celeberrimus
1565 3165 1857 3237 elegiarum
1885 3165 2110 3235 scriptor
2153 3164 2397 3216 babetur.
2431 3164 2616 3216 Oratio
2642 3164 2698 3216 in
2732 3163 3029 3218 Pollionem

961 3248 1028 3300 ab
1046 3247 1168 3301 aliis
1185 3247 1439 3312 Labieno,
1462 3247 1527 3301 ab
1544 3248 1667 3301 aliis
1686 3247 1848 3301 Gallo
1861 3248 2246 3310 vindicabatur,
2268 3247 2391 3318 quia
2410 3245 2634 3299 oratoris
2651 3263 2837 3302 nomen
2856 3246 3028 3299 indici

959 3336 1214 3388 orationis
1237 3335 1477 3388 additum
1503 3354 1611 3388 non
1637 3348 1773 3388 erat.

893 3465 1111 3526 casuar]
1151 3461 1227 3511 De
1245 3458 1448 3531 origine
1465 3457 1631 3530 hujus
1645 3460 1790 3512 vocis
1808 3460 1865 3512 iu
1880 3460 2288 3524 commentariis,
2316 3477 2452 3530 quos
2467 3457 2755 3529 aliquando
2773 3459 2832 3510 in
2852 3459 3031 3525 Quin-

972 3542 1217 3595 tilianum
1243 3541 1399 3598 edere
1424 3541 1482 3594 in
1504 3545 1674 3595 animo
1700 3555 1800 3606 est,
1832 3542 2076 3596 dicturus
2105 3563 2244 3596 sum.

899 3664 1152 3730 Servius
1178 3667 1259 3729 ad
1286 3664 1465 3746 Virg.
1498 3667 1707 3731 Bucol.
1741 3665 1853 3740 tx,
1890 3667 1966 3728 10
1997 3689 2013 3728 2
2050 3665 2178 3730 Alii
2220 3664 2438 3728 dicunt
2465 3666 2795 3744 Virgilium
2823 3679 3030 3728 osten·

815 3766 965 3828 dere
989 3763 1280 3836 voluisse,
1312 3767 1472 3847 quod
1498 3766 1848 3828 Mantuanis
1884 3785 1998 3847 per
2044 3765 2432 3847 iniquitatem
2464 3764 2674 3826 Alfeni
2717 3765 2895 3839 Vari,
2928 3766 3031 3845 qui

817 3885 1001 3944 agros
1038 3864 1276 3941 divisit,
1310 3877 1537 3946 praeter
1575 3866 1871 3948 palustria
1898 3865 2058 3927 nihil
2084 3864 2375 3927 relictum
2420 3865 2523 3940 sit,
2571 3863 2736 3925 sicut
2772 3884 2857 3926 ex
2888 3884 3028 3926 ora-

818 3964 989 4027 tione
1044 3963 1316 4023 Cornelii
1337 3965 1406 4022 in
1445 3964 1750 4046 Aifnzum
1791 3964 2184 4026 ostenditurt
2223 3964 2379 4023 Cum
2420 3958 2635 4045 jussus
2671 3969 2789 4022 tria
2827 3963 3031 4023 millia

812 4084 1036 4142 passus
1064 4087 1106 4124 a
1134 4085 1314 4124 muro
1333 4070 1402 4142 *in
1429 4066 1671 4126 diversa
1699 4064 2063 4150 relinquere,
2094 4079 2156 4123 ut
2184 4069 2552 4144 octingemos
2566 4083 2796 4142 passus
2821 4085 3023 4147 aquae,

817 4185 938 4247 qua
973 4166 1355 4228 circumdata
1399 4181 1514 4240 est,
1561 4168 1971 4241 admetireris,
2028 4166 2350 4250 reliquisti.
2382 4165 2653 4248 (vossius
2689 4164 2845 4244 legit
2870 4186 2889 4226 ε
2916 4168 3029 4224 ziz-

820 4264 1217 4342 octingentos.
1233 4308 1246 4322 .
1261 4307 1276 4326 .
1308 4265 1686 4324 circumdata
1710 4278 1827 4339 est,
1859 4285 2000 4324 cum
2028 4264 2445 4338 admitteris,
2479 4259 2850 4348 reliquisse.)
