3367 5417
1453 465 1594 539 265

487 623 589 682 pro
611 606 687 681 Q.
711 607 976 682 Coepiwie]
995 607 1061 661 C.
1079 608 1279 661 Junius
1308 606 1590 661 Norbanus
1624 603 1878 660 tribunus
1910 603 1992 677 pt.
2020 621 2162 657 anno
2187 607 2254 658 U.
2274 605 2401 670 658,
2425 623 2535 677 quo
2560 607 2622 659 L.

560 695 789 749 Crassus
814 694 1003 748 consul
1028 707 1163 759 erat,
1189 697 1261 765 Q.
1278 692 1562 748 Servilium
1575 692 1902 764 Copionen,
1922 701 2190 745 auctorem
2214 690 2349 764 legis
2373 692 2624 759 servium,

564 780 857 855 majestatis
874 801 1023 836 reum
1043 781 1189 837 fecit.
1206 780 1457 836 Defendit
1471 799 1593 834 cum
1611 780 1809 833 frustra
1823 779 2050 833 Crassus
2068 777 2219 832 brevi
2238 779 2494 844 oratione,
2511 797 2629 851 qnae

560 879 736 922 umen
757 861 923 937 maim
946 878 1076 930 erat,
1103 884 1261 937 quam
1287 864 1619 919 laudationes
1643 873 1763 918 esse
1788 862 1965 916 solent
1987 860 2072 915 vel
2103 863 2517 929 testificationes,
2535 862 2628 918 sed

559 948 771 1002 brevior
792 950 1029 1032 oratio-ne
1052 958 1328 1021 perpetua.

485 1089 942 1163 dffambjuncta]
972 1087 1225 1142 Defensio
1245 1087 1430 1142 eodem
1453 1106 1617 1141 sensu
1644 1086 1843 1141 dicitur
1867 1086 1924 1140 in
1950 1048 2173 1140 Oratore
2191 1086 2307 1140 Cic.
2327 1106 2377 1140 c.
2399 1089 2486 1142 382
2508 1090 2630 1143 Du-

560 1174 760 1224 rior-um
783 1169 1059 1223 Accusatio
1085 1168 1154 1240 (i.
1176 1187 1224 1223 e.
1248 1168 1512 1222 orationes
1529 1168 1791 1237 Verrinae)
1813 1171 2158 1242 suppeditabit
2180 1168 2444 1240 ampla,
2458 1173 2631 1222 nuinb-

562 1272 674 1308 runu
702 1255 1044 1322 Defert-tiones
1070 1271 1217 1306 Μ.
1246 1253 1324 1305 Ac
1347 1253 1570 1306 fortasse
1593 1252 1654 1308 in
1678 1253 1794 1306 Cic.
1833 1255 1982 1306 Brut.
2015 1271 2064 1307 c.
2085 1254 2177 1317 73,
2215 1253 2318 1306 256
2346 1252 2632 1324 legendum

560 1350 674 1391 cst:
704 1338 897 1391 Malim
931 1337 1061 1390 mihi
1088 1337 1156 1391 L.
1191 1336 1375 1391 Crassi
1404 1355 1566 1389 unam
1590 1355 1694 1409 pro
1729 1335 1846 1388 M‘.
1884 1336 2046 1391 Curio
2082 1336 2433 1406 dffcmionem
2466 1357 2633 1411 quam

559 1425 866 1479 castellanos
899 1426 1187 1497 triumphos
1219 1428 1347 1489 duo,
1382 1444 1481 1496 pro
1511 1426 1812 1479 dictzbnem.
1846 1425 1975 1478 vid.
2010 1424 2286 1478 Addenda.
2314 1424 2440 1491 [Ubi
2476 1424 2625 1478 hoecz

554 1509 806 1561 «Testem
838 1505 1006 1580 hujus
1037 1508 1425 1561 emendationis
1465 1506 1807 1560 luculentum
1839 1508 2129 1580 proferam,
2160 1508 2508 1572 Frontonem,
2536 1507 2632 1578 qui

561 1592 852 1646 orationem
875 1592 1039 1647 Marci
1058 1590 1321 1645 Antonini
1343 1589 1631 1644 emendans
1659 1591 1712 1643 ei
1737 1591 1849 1644 lunc
1875 1590 2092 1662 scripsit
2115 1590 2206 1661 (V,
2231 1590 2283 1658 3)
2302 1610 2317 1641 ε
2347 1589 2597 1644 Miseram
2612 1611 2628 1641 .-

564 1698 726 1731 unum
760 1681 979 1732 verbum
1015 1682 1082 1731 dc
1116 1682 1351 1731 oratione
1385 1676 1604 1749 ablega,
1637 1690 1691 1730 et
1722 1696 1927 1751 quoeso,
1971 1696 2036 1731 nc
2071 1694 2304 1750 unquam
2338 1696 2400 1730 eo
2432 1680 2628 1743 utaris,

561 1760 847 1817 dictionem
863 1781 964 1834 pro
989 1759 1248 1813 oratione.
1273 1760 1433 1816 Vale.
1454 1763 1505 1827 υ]
1532 1760 1733 1812 Junota
1758 1758 2028 1831 significat
2050 1761 2207 1813 simul
2229 1762 2374 1813 edita
2398 1778 2521 1812 cum
2548 1758 2629 1813 al-

563 1859 674 1900 tera
703 1847 1073 1919 Coepinnimn,
1109 1845 1174 1900 de
1209 1864 1316 1917 qua
1348 1844 1504 1898 modo
1539 1844 1790 1898 diximus.
1821 1843 2020 1911 [Godd.
2062 1857 2118 1898 et
2150 1844 2273 1898 edd.
2308 1846 2628 1914 defensione.

562 1928 802 1983 Ellendt.
837 1928 902 1981 ad
928 1927 986 1981 h.
1025 1927 1067 1981 l.
1093 1929 1168 2002 Q.
1192 1927 1455 2000 Coepiom's
1477 1925 1762 2000 legendum
1787 1928 2057 2000 proponit,
2088 1925 2173 1980 vel
2199 1927 2299 1981 hoc
2325 1946 2517 1981 nomen
2540 1925 2635 2000 eji-

560 2013 825 2067 ciendum.
863 2013 1119 2065 Neutram
1143 2011 1403 2066 rationem
1427 2010 1617 2083 probat
1641 2022 1801 2064 tenax
1825 2009 2053 2082 vulgatae
2069 2013 2357 2064 Westerm.
2392 2031 2447 2083 p.
2484 2012 2632 2079 116.]

828 2205 891 2270 6.
942 2225 1164 2269 omino
1191 2225 1474 2269 cussonis
1506 2222 1737 2268 comas
1767 2226 1863 2268 cn.
1890 2225 2218 2268 nmmum.

501 2412 637 2478 Cic.
678 2414 857 2476 Brut.
899 2433 959 2475 c.
998 2412 1104 2489 44,
1146 2411 1303 2474 164:
1350 2411 1675 2476 Postrema
1704 2412 1986 2476 censoria
2013 2416 2245 2491 oratio,
2297 2436 2417 2498 qua
2457 2437 2625 2483 anno

410 2524 637 2575 octavo
667 2523 733 2573 et
759 2508 1227 2592 quadragesimo
1253 2527 1402 2570 usus
1427 2520 1633 2570 est....
1654 2509 1795 2592 Ipsa
1817 2510 1925 2572 illa
1947 2508 2237 2575 censoria
2259 2526 2483 2578 contra
2501 2516 2626 2580 Cn.

412 2608 760 2672 Domitium
797 2606 1099 2685 collegam
1142 2626 1268 2665 non
1305 2619 1398 2665 est
1437 2609 1671 2678 oratio,
1715 2607 1829 2665 sed
1860 2611 2040 2691 quasi
2074 2613 2280 2687 capita
2321 2630 2530 2670 rerum
2571 2628 2632 2673 ee

413 2709 721 2766 orationis
740 2707 1251 2764 commentarium
1276 2700 1482 2779 paullo
1510 2701 1772 2781 plenius.
1800 2702 1986 2765 Nulla
2004 2715 2098 2765 est
2112 2704 2281 2766 enim
2300 2705 2629 2772 altercatio

412 2801 799 2866 clamoribus
823 2820 1092 2881 unquam
1116 2797 1335 2861 habita
1355 2797 1718 2882 majoribus·

507 2899 671 2961 lbid.
709 2899 806 2959 De
841 2908 1005 2960 orat.
1029 2897 1118 2972 11,
1145 2897 1250 2970 56,
1280 2894 1443 2957 227:
1491 2896 1720 2959 Faceta
1759 2907 1824 2958 et
1863 2895 2107 2959 urbana
2145 2896 2632 2968 innumerabilia

415 3013 501 3060 ex
522 3016 650 3059 una
669 2991 975 3058 concione
995 2989 1388 3056 meministis.
1423 2993 1555 3057 Nec
1584 2992 1753 3055 enim
1782 2995 2102 3058 contentio
2131 2994 2333 3077 major
2358 3019 2629 3082 unquam

414 3093 558 3172 suit,
578 3113 698 3157 nec
716 3094 874 3176 apud
892 3090 1182 3176 populum
1198 3090 1454 3170 gravior
1471 3095 1678 3151 oratio
1701 3111 1885 3172 quam
1900 3088 2079 3174 hujus
2095 3108 2310 3154 contra
2326 3098 2629 3179 collegam

419 3202 488 3257 ἰη
510 3217 765 3258 censum
789 3213 1012 3278 nuper,
1039 3213 1236 3275 neque
1257 3194 1472 3276 lepore
1490 3206 1554 3255 et
1572 3191 1912 3256 festivitate
1936 3193 2269 3258 conditior.

505 3292 672 3356 Plin.
699 3292 857 3355 Hist.
885 3295 1027 3355 Nat.
1052 3292 1262 3368 xvu,
1288 3291 1315 3352 1
1339 3312 1357 3353 ε
1385 3290 1923 3355 Nobilissimarum
1946 3293 2226 3373 gentium
2248 3294 2432 3358 ambo
2448 3294 2628 3359 Cras-

415 3413 526 3457 sus
554 3405 737 3474 atque
764 3390 1073 3455 Domitius
1097 3411 1423 3455 censuram
1463 3403 1606 3475 post
1648 3392 2036 3460 consulatum
2079 3395 2264 3457 simul
2303 3409 2630 3476 gesserunt
2686 3434 2718 3506 ¹
2729 3437 2814 3514 5¹

419 3508 593 3552 anno
613 3491 698 3556 U.
721 3488 836 3553 661
864 3490 1248 3572 frequentem
1262 3487 1486 3572 jurgiis
1502 3501 1762 3572 propter
1780 3490 2342 3556 dissimilitudinem
2361 3513 2628 3559 morum.

417 3623 496 3634 ...
532 3588 610 3648 In
639 3587 857 3649 eodem
885 3587 1019 3651 loco
1043 3583 1321 3668 jurgium
1345 3587 1518 3678 inter
1542 3587 1744 3649 cosin
1772 3606 2042 3651 censura
2075 3603 2282 3654 ortum
2305 3606 2624 3657 narratur.

432 3681 632 3775 [Add.
656 3682 915 3760 XXXV,
942 3684 1194 3762 33P1ut.
1215 3685 1410 3746 Praec.
1435 3684 1638 3767 politt-
1662 3684 1895 3768 p.167;
1916 3686 2146 3750 AElian.
2164 3689 2243 3754 V.
2267 3690 2346 3750 H.
2363 3691 2540 3766 VIII,
2561 3691 2627 3767 43

416 3787 706 3850 Macrob.
730 3785 861 3849 Sat.
882 3786 970 3861 n,
1001 3786 1103 3847 10.
1132 3781 1436 3877 Ellendt.j

509 3882 769 3947 Crassus
802 3894 869 3945 et
894 3882 1014 3947 Cn.
1048 3881 1368 3968 Domitius⁸
1386 3881 1836 3946 Ahenobarbus
1863 3902 2153 3948 censores
2178 3885 2434 3952 suerunt
2466 3910 2525 3952 a.
2548 3891 2630 3959 U.

419 3981 577 4045 661.
624 3977 938 4044 Domitius
962 3981 1095 4064 ipse
1122 3980 1305 4045 lande
1339 3977 1707 4061 eloquentia:
1740 3978 1976 4060 floruit,
2016 3981 2326 4050 Cicerone
2367 3999 2524 4051 teste
2566 3989 2637 4053 in

413 4086 622 4148 Bruto
647 4103 705 4145 c.
732 4081 839 4144 «15.
2230 4139 2237 4146 .

511 4184 648 4249 Cic.
672 4184 769 4245 De
797 4194 959 4246 orat.
988 4181 1065 4257 11,
1094 4182 1197 4258 11,
1223 4181 1343 4244 452
1373 4180 1638 4244 Crassus
1664 4178 1734 4244 in
1761 4180 1928 4245 illius
1954 4183 2258 4249 orationis
2281 4207 2427 4259 suae,
2448 4209 2632 4272 quam

413 4297 649 4349 contra
680 4285 974 4364 collegam
1005 4299 1230 4348 censor
1257 4282 1498 4357 habuit,
1526 4281 1844 4368 principio
1870 4284 2062 4352 dixit:
2101 4287 2255 4369 Quae
2288 4305 2504 4354 natum
2528 4308 2632 4354 aut

2273 4405 2339 4473 ³4
