3367 5417
1379 461 1514 534 335

426 596 691 682 Quintil.
732 598 845 675 tx,
879 595 946 674 4,
984 597 1102 659 132
1130 619 1146 657 z
1179 599 1392 680 Neque
1419 598 1584 661 enim
1612 596 1983 662 accesserim
2000 598 2202 674 Celso,
2229 599 2539 681 quianam

346 697 671 779 quamdam
722 697 1023 779 prooemio
1059 696 1320 759 formam
1347 697 1541 780 dedit,
1585 709 1650 759 et
1689 689 1984 779 optimam
2033 696 2539 779 compositionem

344 814 478 856 esse
506 790 819 876 prooemii,
851 805 921 854 ut
947 795 1111 875 apud
1154 795 1456 867 Asinium,
1488 795 1642 856 dicit
1677 821 1694 853 ε
1735 792 1828 868 St,
1881 794 2120 871 Coesar,
2151 814 2238 853 ex
2263 776 2541 858 omnibus
2590 774 2729 847 217

341 896 725 969 mortalibus)
776 900 882 980 qui
923 909 1057 954 sunt
1084 917 1160 955 ac
1178 894 1462 978 ficerunt,
1503 910 1713 976 posset
1749 895 1890 957 huic
1935 916 2137 957 causa:
2178 897 2548 976 disceptator

342 993 488 1074 legi,
519 1014 642 1054 non
669 997 991 1078 quisquam
1019 1008 1078 1052 te
1099 998 1308 1073 potius
1336 994 1626 1073 optandus
1651 991 1832 1053 nobis
1848 995 1995 1068 fuit.

425 1090 669 1153 Charis.
705 1091 759 1163 1,
793 1110 858 1174 p.
897 1084 1019 1152 ‘108
1047 1115 1064 1150 ε
1097 1089 1294 1153 Pollio
1320 1091 1400 1152 ad
1426 1087 1769 1155 Caesaremt
1804 1089 2028 1151 Primo
2053 1093 2390 1172 insequenti
2414 1091 2537 1149 die.

417 1226 492 1279 ad
518 1224 816 1294 Coesarem]
853 1226 911 1279 in
942 1225 1186 1299 epistola,
1214 1226 1424 1299 opinor.

424 1350 667 1414 Charis.
703 1351 757 1425 1,
789 1370 852 1433 p.
896 1352 976 1413 75
1012 1369 1030 1414 t
1060 1351 1190 1411 Hos
1204 1350 1546 1432 pugillares
1571 1364 1636 1413 et
1662 1349 2009 1415 masculi-no
2046 1372 2280 1432 genere
2300 1365 2365 1415 et
2389 1373 2544 1417 sem-

342 1472 457 1536 per
498 1453 827 1535 pluraliter
879 1452 1070 1529 dicaS,
1124 1452 1283 1516 sicut
1325 1453 1575 1516 Asinius
1618 1452 1687 1516 in
1739 1455 2063 1517 Valerium
2096 1452 2210 1516 lib.
2257 1458 2284 1515 1
2319 1474 2337 1516 t
2380 1456 2544 1537 Quia

335 1550 610 1634 pugillus
634 1564 748 1624 est,
780 1554 886 1634 qui
899 1550 1108 1628 plures
1132 1549 1387 1609 tabellas
1412 1554 1675 1610 continet
1696 1555 1761 1609 in
1782 1556 2005 1612 sen’em
2025 1556 2201 1612 sitas.

413 1681 631 1738 Asinius
656 1683 711 1735 in
739 1681 1047 1752 Valerium]
1085 1684 1172 1737 hic
1204 1702 1313 1737 non
1355 1684 1600 1737 Asinium
1634 1698 1891 1738 oratorem
1915 1684 2232 1758 intelligam,
2262 1685 2352 1738 sed
2379 1706 2548 1758 grum-

483 1771 732 1824 maticum
755 1811 771 1836 ,
804 1788 961 1841 quem
993 1770 1207 1834 Suidas,
1248 1768 1404 1843 cujus
1437 1771 1614 1825 locum
1647 1786 1832 1845 postea
1858 1772 2103 1825 indicabo
2125 1812 2140 1838 ,
2182 1784 2237 1825 et
2272 1771 2547 1830 Charisius

485 1853 667 1907 laudat
701 1866 757 1906 et
783 1854 999 1906 Servius
1025 1853 1091 1907 ad
1113 1854 1308 1926 viu-gil.
1344 1853 1550 1908 AEneid.
1586 1872 1644 1919 ιι,
1667 1858 1729 1918 73
1763 1873 1837 1916 vr,
1863 1855 1994 1919 5543
2024 1873 2098 1920 xi,
2130 1857 2251 1909 183.
2273 1856 2547 1911 Valerium

485 1941 666 1995 itidem
684 1941 1082 2014 grammaticum
1105 1942 1291 2008 facins,
1315 1959 1424 2013 quo
1457 1942 1674 1996 nomine
1703 1959 1826 1996 cum
1842 1942 2027 2015 plures
2047 1942 2141 1995 ulii
2164 1942 2403 2007 fuerunt,
2436 1956 2547 1998 tum

491 2028 740 2083 Valerius
759 2029 893 2083 Cato
915 2039 972 2081 et
989 2030 1067 2082 M.
1087 2027 1334 2082 Valerius
1353 2028 1579 2083 Probus.

428 2150 520 2211 ld.
555 2152 607 2225 1,
648 2170 710 2232 p.
741 2152 813 2213 61
850 2170 868 2210 ε
907 2148 1162 2211 catinus
1189 2149 1529 2213 masculino
1560 2169 1793 2229 genere
1818 2149 2076 2226 dicitur,
2106 2164 2171 2214 et
2191 2152 2342 2213 hinc
2372 2153 2550 2216 dimi·
2626 2149 2639 2168 ⁸

345 2251 558 2315 nutive
584 2251 826 2312 catillus
842 2250 933 2326 fit,
966 2264 1034 2312 ut
1052 2251 1315 2310 Asinius
1341 2265 1550 2312 contra
1569 2252 1896 2312 maledicta
1922 2251 2181 2314 Antonii
2196 2278 2217 2311 .-
2244 2252 2319 2311 V
2311 2254 2546 2315 olitani-

343 2367 460 2435 que
487 2348 635 2408 urbe
657 2362 784 2407 tota
805 2346 1011 2406 catilli.
1044 2393 1052 2410 .

414 2503 460 2538 c.
501 2482 689 2535 malcd.
715 2480 977 2549 Antonii]
1014 2483 1142 2534 Post
1165 2482 1386 2534 Caesaris
1423 2501 1604 2535 necem
1634 2481 1698 2534 ad
1725 2479 1944 2535 Antonii
1976 2493 2153 2554 partes
2190 2484 2403 2537 transiit
2430 2486 2547 2538 Asi-

487 2566 630 2620 nius.
666 2567 805 2618 Cum
841 2577 1016 2617 autem
1046 2563 1236 2616 deinde
1267 2563 1534 2618 Antonius
1574 2578 1786 2638 propter
1824 2566 1953 2618 vitia
1982 2585 2080 2618 sua
2110 2568 2357 2621 omnibus
2392 2569 2547 2622 bouis
2619 2599 2627 2606 ·

485 2661 627 2703 esset
641 2648 871 2707 invisus,
886 2657 1011 2716 post
1033 2660 1218 2716 pacem
1234 2647 1607 2700 Brundisinam
1632 2652 1877 2718 Augusto
1900 2666 1957 2700 se
1977 2648 2195 2701 tradidit
2214 2669 2229 2712 ς
2265 2651 2407 2720 quod
2425 2652 2553 2703 item

487 2752 517 2786 a
540 2732 769 2787 Messala
792 2732 1024 2784 Corvino
1050 2730 1246 2784 fuctum
1276 2731 1523 2785 vidimus.
1547 2729 1717 2803 Igitur
1743 2733 1801 2784 in
1830 2746 2116 2803 utrumque
2149 2753 2333 2787 eorum
2358 2734 2554 2790 dixisse

487 2828 582 2870 aut
605 2814 881 2886 scripsisse
897 2813 1166 2865 Antonius
1192 2812 1337 2866 credi
1354 2825 1551 2884 potest.
1577 2811 1735 2867 Conf.
1776 2813 1971 2866 Vellei.
2003 2809 2075 2878 11,
2101 2817 2188 2868 86.

431 2952 698 3041 Quintil.
732 2956 782 3029 1,
817 2956 880 3029 6,
915 2953 998 3015 42
1027 2972 1044 3013 2
1081 2948 1223 3014 Hos
1242 2952 1469 3013 lodices
1496 2951 1769 3018 Pollioni
1790 2953 2092 3035 placuisse
2122 2953 2378 3018 dicitur.

433 3055 676 3119 Charis.
713 3055 769 3130 1,
802 3075 864 3136 p.
902 3054 1023 3117 119
1058 3074 1076 3114 z
1123 3052 1371 3115 Asinius
1409 3053 1606 3116 Pollio
1644 3056 2147 3133 vectigaliorum,
2196 3074 2324 3117 non
2369 3064 2560 3118 vecti-

349 3154 585 3236 galium
612 3147 772 3214 dixit
801 3172 818 3211 :
857 3153 932 3214 V
922 3150 1340 3231 eccigaliorum
1376 3152 1730 3230 reipublicecz.³
1760 3171 1977 3210 curam
2016 3171 2154 3212 esse
2186 3149 2552 3215 habendam.

360 3250 685 3345 [Eumdem
705 3253 908 3315 locum
927 3253 1083 3317 citat
1103 3253 1159 3326 1,
1194 3272 1260 3335 p.
1294 3248 1436 3341 46.]

434 3352 712 3417 Macrob.
747 3352 1001 3415 Saturn.
1032 3352 1084 3426 1,
1119 3351 1158 3411 4
1191 3371 1208 3411 ι
1238 3350 1442 3412 Tanta
1476 3351 1637 3431 apud
1662 3361 1905 3412 veteres
1930 3349 2047 3412 fnit
2072 3349 2329 3414 licentia
2371 3352 2552 3434 hujus

354 3449 639 3531 genitivi,
676 3460 746 3509 ut
774 3445 1029 3509 Asinius
1053 3446 1253 3509 Pollio
1279 3445 1741 3526 vectigaliorum
1768 3443 2130 3527 frequenter
2161 3463 2435 3542 usurpet.

439 3549 744 3615 Priscian.
788 3547 953 3623 Vlll,
1014 3547 1080 3619 4,
1117 3570 1182 3630 p.
1218 3546 1341 3608 370
1366 3571 1382 3604 ε
1418 3546 1668 3609 Asinius
1714 3547 1913 3609 Pollio
1946 3569 1963 3609 ε
2006 3547 2135 3607 Sed
2158 3570 2298 3609 cum
2347 3550 2428 3611 ob
2453 3572 2555 3626 oa,

355 3673 490 3738 quoe
512 3668 927 3732 speraveram,
962 3647 1275 3720 dolebam,
1323 3647 1689 3708 consolabar
1706 3648 1784 3708 ob
1811 3669 1912 3720 ea,
1941 3671 2079 3733 quae
2111 3653 2322 3725 tt'mai5
2348 3673 2554 3713 conso-

354 3748 534 3810 labar
554 3746 816 3830 passive
840 3744 1125 3828 protulit.

440 3845 600 3907 lbid.
631 3864 696 3928 p.
725 3842 873 3905 3722
909 3840 1160 3905 Asinius
1190 3865 1208 3902 ε
1239 3835 1432 3922 Cujus
1458 3854 1718 3917 experta
1745 3845 1941 3901 virtus
1964 3840 2134 3902 bello
2171 3840 2562 3923 Germanice,

359 3947 636 4007 traducta
655 3944 740 4003 ad
766 3942 1112 4003 custodiam
1131 3939 1382 4022 Iliyrici
1406 3953 1499 4000 est
1512 3963 1544 4015 ,·
1568 3956 1828 4019 expena
1849 3941 2113 4024 passive.
2286 4021 2293 4028 .

445 4044 539 4121 Id».
566 4043 646 4117 X,
680 4041 743 4117 4,
783 4060 849 4122 p.
882 4038 1006 4103 488
1033 4059 1049 4099 t
1081 4038 1417 4099 Nanciscor
1439 4051 1687 4097 nactum
1710 4038 1860 4102 facit
1887 4038 2118 4120 absque
2154 4062 2219 4113 n,
2250 4053 2320 4102 ut
2356 4043 2562 4107 Probo

363 4155 428 4206 et
454 4142 660 4225 Capro
687 4151 753 4205 et
773 4137 1044 4198 Pollioni
1070 4149 1135 4198 et
1163 4135 1369 4197 Plinio
1396 4127 1627 4218 placet'.

433 4277 690 4346 Pollioni]
726 4295 835 4331 non
864 4275 929 4327 de
956 4272 1144 4328 Asinio
1161 4268 1403 4325 Pollione
1421 4269 1474 4323 id
1501 4270 1857 4326 intellexerim
1877 4295 1894 4326 .-
1914 4274 1980 4328 τὼ
1998 4288 2204 4332 oratore
2223 4279 2365 4333 enim
2383 4282 2560 4339 diver-
