3367 5417
1883 438 1974 509 60

831 592 996 638 rum.
1032 574 1210 638 Unus
1230 571 1597 633 Hortensius
1622 570 1783 632 nibil
1809 584 2037 652 praeter
2058 568 2307 632 dicendi
2325 586 2497 650 opus,
2524 585 2726 650 neque
2749 568 2815 630 id
2837 570 3040 631 artifi-

834 671 1024 744 ciose,
1049 669 1256 731 colere
1276 667 1491 730 voluit.
1528 668 1637 731 Sic
1654 669 2021 733 Graecarum
2055 668 2386 730 literarum
2418 663 2649 728 notitia
2685 664 3033 747 magistris,

833 768 1560 853 peregrinationibusque
1580 769 1881 852 juvenum
1917 785 1984 833 et
2013 767 2487 849 magistratuum
2524 769 2785 831 Romam
2813 787 3038 849 perva-

832 879 981 949 gata
1018 879 1144 940 est,
1191 879 1262 927 ut
1303 885 1440 928 mox
1481 865 1771 928 horridus
1810 878 1877 928 et
1914 886 2135 948 parum
2177 865 2378 928 cultus
2415 864 2758 938 videretur,
2800 864 2856 925 si
2892 866 3038 945 quis

831 970 1056 1035 Graeca
1099 968 1315 1050 lingua
1356 987 1485 1029 non
1527 978 1599 1028 ut
1633 969 1970 1031 vernacula
2010 978 2317 1029 uteretur.
2369 968 2470 1028 lta
2507 962 2645 1027 sine
2686 962 3040 1046 interprete

831 1069 1100 1150 primum
1142 1079 1391 1130 senatus
1431 1067 1672 1129 audivit
1706 1067 2014 1131 Molonem
2052 1066 2444 1149 Apollonium
2482 1083 2599 1146 pro
2622 1063 3031 1138 Rhodiorum,

832 1187 1082 1232 snorum
1111 1166 1366 1243 civium,
1397 1167 1667 1250 proemiis
1696 1166 2029 1231 dicentem.
2062 1169 2275 1231 Testes
2299 1164 2437 1229 Cic.
2464 1166 2648 1227 Brut.
2672 1185 2732 1226 c.
2758 1163 2862 1237 90,
2887 1165 3032 1227 Val.

834 1270 1003 1332 Max.
1030 1270 1112 1340 11,
1138 1269 1203 1344 2,
1231 1269 1292 1331 3.
1344 1270 1504 1331 Nam
1542 1269 1831 1348 ignarum
1867 1267 2077 1331 Latini
2114 1266 2417 1330 sermonis
2441 1266 2750 1327 Molonem
2789 1283 2866 1327 ex
2892 1265 3035 1326 Plu·

834 1365 1045 1427 tarchi
1063 1361 1212 1429 vita
1244 1362 1570 1430 Ciceronis
1606 1366 1880 1429 ostendit
1912 1364 2233 1448 Spalding.
2278 1363 2357 1425 ad
2393 1361 2659 1441 Quintil.
2678 1363 2787 1434 vl,
2827 1362 2886 1433 1,
2929 1361 3032 1422 14.

833 1457 942 1523 Sic
965 1480 1069 1524 ars
1089 1461 1442 1542 eloquendi,
1471 1460 1619 1524 olim
1648 1474 1899 1538 natura,
1922 1481 2048 1524 non
2073 1462 2245 1524 cultu
2268 1461 2504 1540 genita,
2530 1479 2629 1522 res
2647 1458 2829 1520 multi
2847 1460 3036 1521 studii

834 1562 1003 1624 sacta
1029 1574 1126 1625 est
1144 1561 1435 1648 (Quintil.
1457 1563 1596 1635 ΧΠ,
1624 1562 1729 1634 10,
1757 1564 1835 1626 39
1857 1585 1874 1637 ς
1909 1563 2078 1626 cons.
2105 1563 2377 1644 nostra§
2402 1562 2491 1647 9).
2518 1562 2811 1624 Ceterum
2829 1560 3039 1623 litera·

836 1679 979 1721 rum
1003 1659 1207 1722 studia
1225 1673 1364 1743 post
1382 1661 1713 1722 tumultum
1733 1660 2052 1723 Sullanum
2071 1661 2284 1722 Romae
2313 1655 2764 1721 increbuerunt
2788 1659 3035 1730 aerius3

833 1758 945 1820 sed
966 1754 1036 1821 in
1052 1757 1232 1820 Latio
1254 1770 1320 1819 et
1337 1769 1470 1820 tota
1489 1757 1671 1821 Italia
1700 1758 1848 1821 belli
1874 1756 2155 1820 cladibus
2180 1774 2475 1840 oppressa
2495 1766 2666 1817 sunt.
2692 1753 2874 1818 Conl'.
2895 1753 3034 1818 Cic.

835 1856 949 1921 Or.
976 1877 1091 1939 pro
1115 1858 1351 1920 Archia
1372 1877 1431 1919 c.
1462 1859 1524 1920 3.

923 1954 1030 2017 47.
1074 1954 1197 2017 Sed
1224 1957 1460 2029 eodem,
1485 1976 1604 2038 quo
1623 1957 1756 2019 haec
1778 1977 1882 2018 ars
1908 1957 2188 2030 inducta,
2213 1968 2492 2038 tempore
2510 1968 2778 2018 mutatus
2797 1968 3044 2018 estmoe

832 2049 1182 2131 juventutis
1223 2053 1579 2123 educandos.
1628 2053 1701 2116 Si
1737 2072 1937 2133 pauca
1978 2053 2244 2134 antiquae
2284 2052 2657 2136 disciplinae,
2710 2064 2783 2113 ut
2815 2050 2999 2116 Coelii
3016 2101 3034 2129 ,

840 2154 1127 2234 exempla
1153 2152 1448 2235 excipias,
1473 2154 1906 2217 deductionem
1927 2155 2384 2217 adolescentum
2415 2156 2494 2217 ad
2517 2156 2689 2219 viros
2711 2155 2948 2217 virtute
2975 2167 3042 2217 et

841 2249 1231 2328 experientia
1252 2247 1686 2328 praeminentes
1713 2247 2010 2314 mansisse
2036 2271 2159 2313 non
2181 2249 2476 2333 reperies.
2508 2250 2676 2334 Quid
2695 2248 2897 2326 enim,
2921 2250 2976 2313 si
3001 2271 3041 2313 a

843 2345 1152 2410 Cicerone
1190 2360 1257 2409 et
1285 2348 1525 2411 Catone
1550 2349 1859 2424 discedas,
1894 2350 2225 2432 paucisque
2260 2348 2436 2423 aliis,
2485 2349 2633 2432 quid
2669 2351 2964 2436 juvenum
3004 2370 3044 2413 a

843 2444 1076 2506 ceteris
1103 2443 1260 2507 viris
1279 2465 1354 2516 eo,
1377 2459 1655 2529 tempore
1679 2449 1920 2524 magnis
1939 2446 2094 2512 honi
2119 2460 2229 2510 aut
2248 2447 2493 2511 honesti
2522 2447 2765 2511 discere
2792 2447 2996 2533 potnit
3011 2445 3044 2509 ἓ

846 2546 905 2610 N
908 2565 1011 2607 um
1032 2547 1222 2612 dabat
1241 2548 1476 2630 aliquid
1496 2548 1645 2610 boni
1662 2550 1927 2631 exempli
1953 2549 2073 2612 Cn.
2099 2549 2377 2633 Pompeii
2402 2548 2730 2626 mobilitas,
2759 2570 2880 2632 qua
2900 2569 3047 2613 mox

840 2659 1125 2710 senatum
1144 2650 1332 2726 tueri,
1356 2669 1500 2712 mox
1521 2648 1880 2731 popularem
1907 2669 2123 2711 auram
2141 2662 2398 2732 captare
2414 2650 2755 2724 affectavit,
2779 2663 2848 2711 et
2861 2649 3045 2711 modo

847 2741 1218 2808 Ciceronem
1254 2746 1463 2820 auxit,
1505 2747 1688 2808 modo
1725 2744 2076 2810 Caesarem?
2117 2748 2285 2832 Quid
2318 2746 2393 2809 C.
2432 2745 2723 2821 Ctesaris,
2766 2747 3049 2828 quamvis

847 2841 1094 2917 summi,
1111 2842 1420 2908 violentus
1435 2843 1791 2910 consulatus
1805 2856 1869 2905 et
1880 2843 2263 2908 Catilinariae
2282 2844 2722 2927 perduellionis
2741 2845 3006 2927 suspicio
3017 2843 3047 2905 ἰ’

848 2939 1017 3023 Quid
1043 2942 1124 3024 Q.
1159 2940 1476 3005 Hortensii
1515 2943 1726 3007 inanis
1765 2944 2108 3024 elegantia,
2154 2956 2218 3006 et
2261 2941 2521 3025 puerilis
2562 2958 2749 3026 atque
2787 2945 3050 3024 indigna

846 3037 1094 3107 luxuria
1108 3037 1138 3099 Ρ
1164 3053 1235 3102 ut
1253 3038 1498 3103 Clodios
1510 3040 1913 3124 Vatiniosque
1935 3054 2267 3118 taceamus,
2292 3054 2358 3104 et
2376 3040 2691 3117 Milonem,
2715 3041 2911 3121 magis
2927 3042 3049 3104 rei-

848 3132 1112 3216 publicae
1152 3133 1543 3218 temporibus
1573 3136 1789 3201 utilem
1811 3184 1828 3213 ‚
1863 3158 2045 3220 quam
2085 3138 2212 3201 ulla
2245 3139 2589 3201 honestatis
2617 3150 2768 3201 nota
2801 3135 3046 3219 conspi-

849 3250 1055 3309 cuum,
1088 3246 1153 3295 et
1183 3234 1429 3297 turham
1457 3234 1646 3299 aliam
1674 3236 1994 3299 hominum
2019 3235 2435 3299 consulatibus
2467 3248 2533 3298 et
2562 3233 2846 3298 censuris
2864 3236 3046 3297 deco-

845 3351 1011 3408 ram,
1030 3334 1141 3395 sed
1160 3333 1329 3396 nulla
1346 3353 1420 3396 re
1439 3335 1640 3397 libera
1656 3335 1979 3416 republica
1999 3336 2274 3414 dignam.
2301 3336 2479 3399 Solus
2492 3332 2739 3413 Cicero,
2766 3338 3050 3418 quamvis

847 3449 928 3492 ne
954 3429 1089 3511 ipse
1116 3425 1365 3511 quidem
1393 3427 1607 3496 sibiet
1633 3429 1774 3493 aliis
1794 3432 1986 3513 judex
2014 3434 2163 3495 satis
2190 3452 2462 3508 severus,
2480 3435 2744 3516 juvenes
2764 3431 3050 3497 discendi

848 3523 1107 3610 cupidos
1133 3527 1306 3590 circa
1334 3547 1403 3589 se
1435 3530 1881 3608 congregabat,
1915 3544 1980 3593 et
2001 3550 2125 3592 non
2151 3532 2332 3593 modo
2357 3532 2637 3612 exemplo
2669 3533 3051 3594 ostendendo

846 3625 955 3685 sed
982 3627 1172 3692 etiam
1200 3628 1482 3692 docendo
1508 3630 1728 3712 etipse
1757 3628 2165 3700 declamitans
2196 3629 2494 3694 erudivit.
2542 3634 2643 3694 Ita
2669 3649 3050 3712 magnopere

846 3720 1044 3786 valuit
1079 3725 1146 3785 in
1184 3728 1399 3802 Bruto,
1442 3725 1661 3804 Coelio,
1704 3728 1896 3792 Calvo
1934 3730 2290 3792 oratoribus
2325 3728 2663 3809 fingendis3
2709 3725 2812 3811 qui
2848 3728 2905 3790 si
2938 3730 3050 3791 illo

847 3821 1124 3885 minores
1158 3825 1330 3889 fuere
1347 3875 1364 3904 ,
1399 3829 1529 3892 hoec
1571 3849 1699 3891 non
1737 3831 2055 3913 magistri,
2086 3834 2196 3892 sed
2224 3844 2461 3893 naturoe
2499 3844 2564 3893 et
2605 3830 3048 3914 discipulorum

844 3919 1055 4012 culpa.
1101 3919 1282 3983 Hune
1319 3944 1555 3989 morem
1588 3927 1667 3987 ad
1705 3940 2049 3989 extremum
2083 3947 2273 4007 usque
2300 3929 2444 3989 vitoe
2480 3942 2722 4011 tempus
2755 3929 3068 4002 retinuit,

846 4016 1087 4079 ruentis
1106 4018 1462 4100 reipublicae
1481 4022 1765 4085 solatium
1787 4019 1853 4082 in
1875 4021 2230 4085 erudiendis
2244 4025 2589 4098 Dolabella,
2603 4029 2828 4101 Pansa,
2844 4025 3048 4088 Hirtio

849 4134 1145 4196 quoerenS.
1173 4119 1331 4182 Vide
1354 4121 1514 4203 Epp.
1538 4124 1616 4184 ad
1639 4121 1937 4195 divv.1X,
1965 4121 2062 4195 16,
2092 4121 2200 4197 183
2234 4124 2397 4186 cons.
2416 4126 2721 4188 Senecam
2741 4125 3042 4189 ControV.

849 4213 878 4273 Ι
904 4214 1076 4295 prael'.
1121 4236 1185 4297 p.
1231 4216 1307 4278 63
1352 4219 1453 4279 ed.
1496 4216 1635 4299 Bip.
1688 4220 1867 4301 Apud
1903 4219 2356 4301 Quintilianum
2379 4223 2550 4300 Vlll,
2589 4224 2652 4297 3,
2693 4224 2797 4297 54,
2835 4224 3049 4288 Pansae
