3367 5417
1834 418 1929 492 92

859 553 1193 618 Orationes
1214 553 1349 638 ejus
1376 555 1539 617 haud
1569 556 1777 617 multae
1807 564 2452 619 commemorantur...
2488 548 2596 643 [V.
2630 553 2711 615 fr.
2745 573 2812 637 p.
2864 555 2993 620 205

776 646 949 741 sqq.]
986 655 1064 714 ln
1101 652 1386 717 mannis
1407 665 1615 716 tamen
1642 673 1786 715 cum
1821 650 2132 718 Cicerone
2154 665 2219 715 et
2247 649 2590 717 Hortensio
2619 653 2829 714 causis
2849 673 2994 717 ver·

775 762 947 812 satus
987 761 1104 827 est,
1150 762 1216 812 et
1256 750 1480 814 orbum
1523 747 1910 833 eloquentia,
1959 749 2204 813 Caesare
2243 749 2571 823 dictatore,
2617 748 2821 812 sorum
2861 750 2998 832 ejus

776 850 1091 935 praecipue
1108 871 1293 916 causa
1312 852 1380 914 in
1405 855 1600 916 Bruto
1622 852 1885 915 defletur
1908 873 1967 915 c.
1988 853 2093 916 97.
2127 855 2223 915 Ex
2250 852 2701 916 declamatione
2727 854 2994 934 quadam

699 996 708 1004 -
773 952 954 1017 Bruti
982 973 1118 1016 esse
1146 952 1257 1019 illa
1285 953 1671 1033 dePompeii
1697 956 1996 1014 dictatura
2024 976 2129 1039 ap.
2160 953 2620 1038 Quintilianum
2649 952 2763 1029 lx,
2790 954 2855 1028 3,
2884 958 2990 1028 95,

775 1052 1169 1138 Spaldingius
1195 1056 1460 1130 censuit,
1486 1056 1647 1137 quod
1675 1056 1821 1119 huic
1851 1056 2100 1136 negotio
2119 1057 2348 1118 Brutus
2377 1074 2578 1137 neque
2604 1055 2989 1134 interfuerit,

775 1173 980 1235 neque
1006 1148 1259 1237 publice
1289 1154 1374 1215 sit
1397 1155 1783 1218 adversatus.
1832 1154 2153 1229 Laudatio,
2187 1174 2369 1235 quam
2399 1153 2674 1237 scripsit,
2700 1152 2987 1231 CatoniS,

777 1274 818 1318 a
858 1253 1104 1319 Caesare
1143 1254 1419 1339 ejusdem
1459 1255 1815 1336 argumenti
1854 1254 2090 1329 libello,
2125 1256 2233 1337 qui
2259 1255 2628 1320 Ciceronem
2673 1268 2994 1319 auctorem

773 1353 1015 1432 habuit,
1045 1356 1416 1440 postpositus
1442 1371 1573 1437 est3
1608 1359 1771 1439 quod
1805 1357 1875 1419 in
1895 1353 2034 1419 Cic.
2058 1359 2217 1439 Epp.
2245 1358 2324 1418 ad
2350 1359 2486 1420 Att.
2509 1357 2682 1432 XIII,
2706 1357 2815 1434 44,
2846 1358 2997 1438 legi-

775 1472 935 1514 mus,
969 1450 1067 1514 De
1099 1451 1282 1516 libris
1311 1454 1388 1516 ad
1412 1449 1863 1537 philosophiam
1892 1453 2322 1537 spectantibus
2349 1453 2514 1516 conf.
2543 1455 2884 1518 Burmann.
2918 1457 2997 1518 ad

776 1549 962 1618 ovid.
992 1550 1089 1616 Ex
1118 1555 1321 1618 Ponto
1354 1555 1406 1631 1,
1439 1560 1498 1631 1,
1530 1554 1638 1617 24.
1688 1555 1849 1619 Sunt
1873 1554 2037 1618 liber
2066 1556 2163 1616 De
2192 1555 2455 1628 virtute,
2497 1556 2593 1617 De
2627 1554 2850 1618 officiis
2889 1578 2991 1642 ap.

776 1654 1024 1720 Charis.
1051 1654 1102 1731 1,
1127 1675 1191 1738 p.
1219 1656 1326 1731 85,
1354 1656 1557 1719 Prisc.
1575 1659 1688 1734 VI,
1714 1678 1780 1741 p.
1808 1659 1957 1731 679,
1983 1656 2088 1738 qui
2114 1656 2276 1718 liber
2301 1656 2369 1719 in
2397 1654 2723 1719 Ciceronis
2755 1660 3001 1721 aemula·

775 1752 1012 1817 tionem
1031 1754 1298 1838 scriptus
1315 1767 1439 1832 est3
1461 1758 1560 1820 De
1577 1756 1907 1840 patientia,
1925 1776 2026 1838 ap.
2046 1756 2332 1819 Diomed.
2352 1756 2409 1832 Ι,
2426 1776 2491 1838 p.
2510 1754 2661 1818 378.
2686 1759 2998 1820 Praeterea

778 1856 1066 1939 Epistolae
1094 1868 1666 1919 commemorantur
1688 1855 1977 1919 Diomedi
2009 1858 2065 1927 1,
2100 1876 2167 1937 p.
2195 1856 2344 1932 383,
2379 1853 2579 1945 Prisc.
2606 1854 2717 1932 IX,
2754 1877 2820 1938 p.
2844 1857 2994 1932 863,

777 1969 845 2017 et
871 1956 953 2017 ad
975 1954 1283 2017 Caesarem
1312 1955 1558 2036 quidem
1584 1953 1870 2018 Charisio
1901 1957 1991 2029 ΙΙ,
2016 1975 2081 2037 p.
2117 1955 2261 2018 105.
2298 1958 2531 2019 Versus
2574 1956 2755 2018 Bruti
2792 1956 3001 2021 Plinio

777 2050 999 2113 lascivi
1040 2048 1196 2112 dicti
1231 2063 1409 2129 eunt3
1445 2051 1853 2134 reprehendit
1874 2070 1981 2114 eos
2007 2065 2229 2115 auctor
2256 2051 2422 2114 Dial.
2457 2052 2535 2114 de
2562 2065 2754 2115 oratt.
2786 2073 2849 2116 c.
2885 2054 2992 2127 21,

781 2159 846 2211 et
883 2147 1139 2224 Statius,
1182 2147 1361 2232 Sylv.
1397 2148 1510 2223 Ix,
1552 2147 1661 2224 20,
1706 2148 1859 2211 satis
1897 2147 2164 2232 superbe
2204 2147 2604 2213 oscitationes
2646 2151 2830 2217 Bruti
2870 2150 3004 2235 ipse

782 2246 1101 2309 somnians
1137 2243 1432 2329 appellat.

872 2349 977 2415 68.
1023 2338 1279 2421 Eorum,
1310 2345 1418 2427 qui
1444 2344 1893 2429 rempublicam
1919 2345 2208 2420 liberam,
2241 2365 2370 2409 non
2398 2346 2730 2422 vidissent,
2767 2349 2878 2413 sed
2913 2361 3003 2411 at·

785 2447 1093 2531 tigissent,
1118 2446 1434 2511 nemiuem
1456 2445 1842 2529 praeteritum
1875 2446 2178 2525 arbitror,
2204 2449 2479 2529 exceptis
2504 2446 2577 2508 C.
2604 2449 2832 2509 Asinio
2852 2449 3000 2510 Pol-

785 2550 952 2611 lime
976 2562 1041 2613 et
1067 2551 1164 2613 M.
1187 2548 1260 2615 V
1252 2548 1445 2609 alent»
1467 2548 1747 2609 Messala
1774 2546 2054 2611 Corvc'no.
2089 2550 2170 2610 Et
2195 2549 2273 2611 de
2296 2545 2578 2613 Pollione
2596 2550 2841 2632 quidem
2861 2564 3006 2632 post

788 2650 1246 2717 Thorbeckium
1273 2647 1477 2733 (cujus
1502 2650 1924 2732 copiosissima
1953 2647 2308 2713 dissertatio
2333 2651 2531 2730 Lugd.
2573 2653 2716 2715 Bat.
2742 2671 2799 2713 a.
2832 2650 2997 2714 1820

789 2751 856 2815 in
886 2750 1088 2815 lucem
1111 2748 1299 2833 edita)
1329 2750 1670 2833 disputare,
1705 2750 1809 2812 vel
1837 2746 2102 2812 otiosum
2127 2762 2309 2822 esset,
2336 2749 2439 2811 vel
2466 2749 2522 2812 si
2551 2768 2674 2831 qua
2702 2750 3005 2813 notabilia

791 2848 1179 2925 viderentur,
1215 2867 1343 2910 non
1370 2847 1496 2911 loci
1521 2845 1706 2929 hujus
1732 2867 1932 2930 neque
1961 2847 2224 2910 consilii.
2262 2847 2386 2909 Sed
2413 2847 2493 2909 de
2512 2848 2802 2911 ,Messala
2830 2850 3009 2912 adda·

789 2966 929 3008 mus
954 2946 1181 3029 aliqua,
1212 2938 1522 3028 'quoniam
1551 2948 1607 3010 is
1640 2960 1926 3012 veterum
1963 2958 2283 3009 oratorum
2321 2946 2499 3028 quasi
2541 2966 2767 3026 agmen
2796 2949 3003 3029 eogit3

792 3049 1020 3129 dignus
1041 3049 1166 3126 vir,
1201 3050 1303 3112 cui
1328 3062 1474 3112 oetas
1501 3048 1647 3124 alia,
1676 3068 1879 3130 neque
1908 3047 2245 3113 necessitas
2272 3046 2627 3126 obtigisset,
2660 3048 3007 3113 minoritas

791 3147 1075 3230 parendi.
1125 3145 1357 3213 Omnes
1394 3144 1668 3209 Messala
1704 3165 1842 3220 res,
1876 3146 1988 3208 sed
2015 3145 2240 3209 leviter
2271 3143 2570 3207 tractavit
2607 3135 2775 3230 [post
2803 3147 3009 3208 Molle-

793 3268 957 3325 rum,
987 3248 1164 3329 Disp.
1201 3247 1280 3309 de
1312 3249 1397 3310 Μ.
1421 3248 1563 3309 Val.
1592 3247 1790 3311 Corv.
1812 3248 1998 3309 Mess.
2025 3243 2295 3320 Altorfii,
2326 3247 2514 3323 1689,
2541 3238 2612 3332 4]
2650 3246 3002 3326 Burignius,

795 3347 972 3432 cujus
995 3348 1246 3411 libellus
1271 3347 1543 3412 insertus
1569 3358 1665 3410 est
1694 3344 1985 3409 Historioe
2012 3348 2209 3409 Acad.
2242 3366 2377 3427 reg.
2411 3347 2638 3409 Franc.
2673 3347 2914 3411 inscrr.
2946 3361 3013 3412 et

791 3446 919 3508 litt.
947 3445 1152 3525 elegg.
1179 3444 1484 3507 volumini
1511 3445 1814 3517 XXXIV,
1848 3463 1915 3526 p.
1954 3445 2034 3508 99
2071 3462 2238 3525 sqq„
2280 3457 2347 3507 et
2373 3443 2614 3506 Hallius
2644 3438 2795 3524 (van
2829 3445 3012 3533 Hau)

795 3544 974 3628 cujus
1017 3542 1328 3619 libellum,
1381 3543 1622 3606 Batava
1669 3541 1886 3620 lingua
1933 3542 2377 3606 Amstelodami
2416 3563 2480 3605 a.
2527 3541 2689 3606 1818
2736 3541 2970 3605 editum
2990 3588 3007 3615 ,

799 3644 1081 3709 nancisci
1109 3665 1235 3708 non
1260 3642 1593 3728 potuimus.
1634 3641 1949 3706 Nonnulla
1975 3643 2163 3706 etiam
2194 3654 2679 3709 commemoratu
2704 3643 2894 3723 digna
2923 3656 3015 3706 at·

797 3741 1079 3843 tplerunt
1098 3744 1349 3807 Vossius
1370 3744 1466 3826 De
1490 3741 1639 3805 hist.
1663 3744 1807 3805 Lat.
1832 3761 1896 3824 p.
1926 3742 2030 3817 81,
2063 3738 2489 3824 Glandorpius
2522 3739 2591 3803 iu
2613 3739 3016 3805 Onomastico

796 3856 854 3905 s.
875 3861 978 3916 n„
1012 3842 1432 3906 Broukhusius
1475 3845 1554 3906 ad
1585 3841 1817 3905 Tibull.
1857 3843 1907 3917 1,
1953 3842 2014 3919 3,
2048 3841 2370 3905 Johannes
2407 3841 2717 3905 Hem-icus
2735 3843 3010 3915 Vossius,

805 3943 901 4008 vir
927 3944 1457 4027 incomparabilis,
1494 3942 1818 4023 adVirgil.
1849 3943 1983 4007 Ecl.
2003 3945 2112 4017 VI,
2155 3956 2220 4005 et
2253 3943 2653 4007 Heindorfius
2681 3945 2761 4005 ad
2789 3946 3009 4008 Horat.

803 4040 1093 4107 Sermon.
1122 4043 1180 4116 1,
1209 4042 1308 4119 10,
1333 4039 1440 4105 28.
1484 4043 1613 4107 Has
1647 4039 1859 4123 copias
1884 4060 1923 4103 a
1950 4040 2266 4103 nonnullis
2298 4060 2452 4105 sane
2473 4038 2762 4124 partibus
2790 4060 3013 4123 augere

799 4137 1038 4203 licebit.
1067 4133 1255 4227 [Add.
1297 4139 1598 4210 Ludovici
1615 4139 1833 4204 Wiese
1864 4138 1960 4201 De
1980 4137 2068 4198 M.
2096 4138 2238 4201 Val.
2268 4140 2567 4205 Messallae
2583 4137 2847 4205 Corvini
2880 4139 3008 4199 vita

802 4244 870 4295 et
893 4235 1110 4301 studiis
1134 4232 1459 4309 doctrinm,
1489 4237 1698 4299 Beml.
1733 4229 1953 4321 1829]
3042 4247 3049 4257 ·
