3367 5417
1337 419 1346 425 ’
1405 445 1534 518 147

366 586 611 647 suadeat
629 604 750 645 non
770 590 907 646 sine
926 587 1065 648 Iube
1081 591 1393 649 vitiorum.
1409 580 1583 675 [Post
1602 586 1801 652 verba
1820 608 1899 646 ea
1917 606 2055 670 quoe
2076 590 2272 647 virtus
2291 586 2572 668 quaedam·

365 687 606 761 desunt,
628 683 767 749 siue
790 687 1016 750 lacuna
1035 700 1247 752 tamen
1272 688 1340 750 iu
1364 685 1638 778 codice.]

446 783 663 845 Festus
695 806 712 842 ε
776 783 1243 844 Percunctatum
1266 784 1732 865 patre’ffamik'ae
1769 802 2013 857 nomen,
2051 803 2131 842 ne
2163 786 2296 867 qut‘s
2331 803 2566 845 servum

275 929 282 937 .
360 883 647 959 mitteret,
673 879 812 962 Iege
837 882 1355 962 sanctmnfiu'sse,
1383 878 1477 944 ait
1494 880 1653 945 Cato
1680 879 1748 943 iu
1777 899 1879 955 ea,
1904 898 2027 961 qua
2050 880 2252 959 legem
2273 880 2568 944 Orchiam

361 977 698 1045 dissuadet.

433 1135 655 1196 servum]
686 1130 991 1183 Notandum
1015 1144 1125 1194 est,
1168 1131 1510 1185 inhonestum
1548 1144 1598 1184 et
1642 1131 1953 1184 indecorum
1989 1130 2157 1185 fuisse
2191 1128 2336 1202 apud
2366 1128 2572 1201 priseos

502 1215 629 1269 illos
667 1217 953 1280 Romanos,
994 1235 1204 1272 servum
1242 1217 1451 1272 mittere
1489 1229 1895 1291 percunctatum
1932 1215 2327 1291 patrisfamilias·
2346 1232 2536 1267 nomen
2554 1253 2568 1275 ,

505 1316 663 1369 quem
682 1316 875 1352 morem
889 1318 959 1353 ex
975 1299 1204 1353 heroicis
1228 1299 1556 1373 temporibus
1579 1318 1820 1353 manasse
1835 1298 1949 1352 veri
1965 1298 2137 1352 simile
2155 1310 2257 1352 est.
2291 1295 2569 1349 Dae-erius.

445 1438 801 1619 zlelafrobius
839 1441 1093 1505 Saturn.
1140 1444 1227 1516 11,
1275 1442 1389 1504 13:
1435 1441 1590 1505 Cato
1636 1437 2053 1524 sumptuarias
2095 1441 2264 1521 leges
2304 1438 2577 1500 cibarias

363 1557 444 1620 ap
571 1549 659 1599 at.

746 1700 851 1762 35.
899 1721 1145 1777 onum,
1179 1723 1257 1764 nn
1288 1722 1421 1764 utcu
1453 1721 1691 1765 oscum
1720 1720 2185 1763 pannosam-un.

451 1869 901 1945 Argumentum
929 1879 1071 1949 pete
1099 1885 1177 1929 ex
1206 1865 1628 1929 antecedenti.
1669 1864 1854 1941 Cato,
1889 1884 2030 1926 cnm
2054 1863 2161 1927 lex
2187 1862 2422 1927 Orchia
2449 1862 2574 1925 lata

362 1974 547 2038 esset,
568 1981 710 2024 eam
739 1959 1055 2036 dissuasit,
1077 1961 1223 2043 quia
1246 1960 1554 2025 luxuriam
1587 1980 1714 2024 nou
1743 1980 2004 2043 prorsus
2030 1960 2412 2042 expellet-ete
2438 1974 2577 2041 per-

360 2060 551 2121 latam
569 2064 724 2121 vero
746 2071 963 2142 postea
984 2056 1279 2133 defendit,
1302 2078 1445 2122 eum
1474 2053 1602 2121 alia
1627 2058 1753 2133 lex,
1778 2077 1914 2138 quoe
1938 2055 2131 2121 etiam
2157 2056 2349 2118 musto
2368 2058 2577 2118 minus

361 2156 572 2217 luxum
598 2151 1042 2236 restringebat,
1075 2166 1556 2237 proponeretur.
1600 2152 1824 2217 Maluit
1849 2155 2018 2218 enim
2048 2153 2212 2217 tueri
2239 2172 2401 2229 eam,
2436 2172 2575 2234 quae

364 2276 490 2321 non
516 2254 773 2320 omnino
798 2257 989 2329 bona,
1018 2274 1204 2338 quam
1233 2275 1367 2338 quae
1385 2274 1636 2338 prorsus
1662 2253 2018 2339 perniciosa
2046 2268 2230 2319 esset.
2262 2251 2369 2319 Sic
2396 2255 2569 2316 fabu-

360 2355 486 2416 lam
523 2351 817 2438 conjicio.
859 2353 1172 2419 Weberus
1207 2352 1559 2417 orationem
1600 2374 1663 2415 a.
1703 2353 1785 2415 U.
1825 2352 1947 2415 593
1985 2352 2218 2414 dictam
2260 2351 2573 2416 edstimat

360 2453 609 2518 laudato
632 2451 1058 2517 Freinshemio
1095 2455 1232 2515 Liv.
1265 2453 1492 2528 XLVI,
1532 2452 1642 2527 46,
1671 2452 1897 2537 Polyb.
1931 2451 2229 2525 XXXIV,
2266 2452 2370 2528 24,
2399 2466 2464 2514 et
2492 2455 2571 2515 ad

360 2574 502 2618 eum
527 2557 735 2618 locum
752 2554 1105 2633 Schweigh.
1127 2556 1287 2616 Tum
1305 2553 1472 2616 enim
1496 2554 1741 2615 Fannia
1764 2554 1868 2619 lex
1887 2552 2271 2635 sumptuaria
2298 2555 2566 2635 perlata,

360 2655 564 2718 Baebia
594 2656 892 2734 derogata
918 2668 1035 2716 est.
1070 2650 1378 2716 Macrobii
1407 2654 1608 2729 locus,
1639 2672 1823 2734 quem
1855 2649 2041 2715 initio
2066 2652 2371 2715 orationis
2395 2670 2569 2734 supe·

359 2751 552 2818 rioris
576 2753 780 2827 attuli,
801 2752 949 2814 huie
973 2752 1473 2814 adnumerandus
1495 2762 1611 2815 est.

441 2854 692 2914 Festus:
720 2875 750 2908 ι
782 2849 1245 2923 Obsonitavere,
1281 2866 1445 2933 saepe
1484 2850 1891 2913 obsonavere.
1936 2847 2092 2912 Cato
2135 2848 2202 2909 in
2247 2845 2532 2911 suasione
2545 2896 2562 2923 ‚
2623 2860 2719 2930 44

359 2970 442 3014 ue
485 2946 609 3031 legi
652 2948 904 3013 Orchiae
947 2949 1358 3028 derogaretur
1384 2973 1401 3008 ε
1462 2949 1587 3030 Qut·
1629 2961 1813 3006 antea
1858 2945 2276 3008 obsonitavere
2291 2989 2313 3017 ,
2360 2962 2576 3026 postea

352 3056 627 3113 centenis
669 3051 1103 3113 obsonitavere.
1165 3047 1497 3130 Significat
1544 3061 1756 3110 autem
1802 3044 2154 3112 convivari.
2200 3073 2230 3105 ι
2286 3049 2575 3128 Scaliger

353 3154 683 3217 emendate
725 3154 853 3235 Qui
870 3167 1050 3212 antea
1071 3171 1192 3231 per
1218 3171 1289 3212 se
1318 3154 1713 3221 coent‘taveoe,
1751 3163 1969 3229 postea
1993 3153 2235 3210 centeni
2260 3148 2574 3209 obsonita-

356 3273 525 3314 vere.
555 3286 645 3299 —-
685 3252 817 3313 Per
845 3274 915 3314 se
948 3263 1015 3315 et
1045 3255 1285 3312 centeni
1314 3251 1623 3334 opposuit,
1658 3246 1952 3332 quoniam
1989 3268 2316 3312 numerum
2352 3250 2566 3310 convi-

354 3371 576 3414 varum
624 3349 1096 3436 proescrips'erat
1142 3350 1266 3416 lex.
1320 3352 1555 3436 Popma
1603 3350 1879 3416 correxit
1912 3371 1929 3411 ε
1977 3351 2101 3434 Qui
2140 3364 2321 3409 antea
2363 3355 2568 3409 octoni

354 3452 809 3527 obsonitavere,
847 3467 1065 3530 postea
1104 3457 1343 3514 centem·
1377 3452 1818 3517 obsonitavere.
1872 3452 2183 3516 Dacerius
2220 3446 2420 3514 voluit
2466 3445 2570 3532 (et

353 3564 500 3615 aute
515 3571 657 3615 eum
682 3554 918 3613 Anton.
941 3552 1367 3637 Augustinus)=
1393 3554 1519 3635 Qut·
1535 3568 1720 3615 antea
1744 3554 1922 3614 denis
1949 3557 2338 3623 coenitavete,
2353 3564 2566 3628 postea

353 3652 619 3717 centenis
642 3645 1086 3722 obsonitavere,
1116 3643 1207 3711 ita
1241 3660 1313 3710 ut
1347 3649 1518 3708 denis
1553 3662 1623 3711 et
1655 3653 1924 3709 centenis
1952 3666 2246 3711 numeros
2272 3643 2565 3730 impensoe

352 3741 683 3826 significet,
711 3744 876 3826 quod
890 3741 1116 3825 Pighio
1144 3763 1386 3826 quoque
1415 3743 1647 3827 placet,
1672 3743 1779 3826 qui
1801 3744 1916 3803 vili
1941 3744 2046 3807 vel
2072 3744 2327 3808 omnino
2352 3757 2561 3808 notam

351 3838 543 3925 pretii
569 3843 972 3926 supplendam
1001 3853 1203 3924 putat.

437 3942 574 4003 Huc
599 3935 879 4024 pertinet
904 3936 1098 4004 Plinii
1128 3940 1303 4002 loeus
1328 3938 1406 4002 Η.
1443 3940 1524 4003 Ν.
1553 3939 1722 4019 VIII,
1753 3938 1870 4001 512
1905 3938 2119 4021 Neque
2154 3939 2281 4002 alio
2313 3959 2391 4001 ex
2426 3939 2565 4000 ani.-

351 4036 502 4099 mali
519 4056 702 4120 quam
724 4056 802 4099 ex
818 4056 928 4100 sue
947 4038 1338 4100 numerosior
1352 4036 1622 4100 materia
1638 4055 1876 4118 ganeoee
1899 4035 2345 4120 quinquaginta
2365 4055 2557 4120 prope

349 4153 629 4221 sapores,
670 4153 812 4198 cum
848 4133 1074 4198 ceteris
1100 4131 1352 4214 singuli.
1401 4132 1566 4197 Hinc
1605 4130 2034 4198 censoriarum
2073 4134 2278 4213 legum
2316 4129 2557 4216 paginae

353 4230 811 4318 interdictaque
839 4233 1032 4299 coenis
1061 4232 1412 4309 abdomina,
1446 4234 1699 4314 glandia
1717 4283 1734 4311 ,
1772 4232 2071 4310 testiculi,
2105 4235 2332 4310 vnlvae,
2366 4230 2555 4298 sinci-
