3367 5417
1326 466 1467 538 ,75

326 618 468 664 cam
491 598 733 661 laudem
757 598 1003 679 tribuit,
1032 602 1194 683 quod
1220 621 1362 664 cum
1390 601 1777 685 experientia
1799 600 1874 664 C.
1900 597 2147 669 Lucilii,
2171 596 2240 656 L.
2268 592 2538 676 Aquini?

330 696 766 775 magistrorum
794 710 860 759 et
882 700 965 781 Q.
992 698 1297 776 Scoevolae,
1321 699 1429 781 qui
1458 710 1604 761 aute
1631 697 1899 772 fuerant,
1916 693 2519 778 jurisconsultorum,

327 790 499 855 illam
528 811 770 875 quoque
799 794 1146 858 doctrinam
1173 795 1601 877 conjunxerit,
1637 812 1772 876 quae
1795 793 2089 876 dissipata
2120 807 2528 872 componere,

327 890 579 954 contusa
607 889 986 965 discernere,
1015 891 1147 955 suis
1164 913 1423 977 qumque
1449 888 1761 977 capitibus
1787 890 2171 974 conjungere
2197 889 2436 962 doceat,
2466 901 2529 950 et

325 987 684 1055 dialectices
711 990 1000 1056 acumine
1031 994 1197 1076 juris
1221 998 1441 1058 rudem
1481 1008 1547 1059 et
1587 991 1961 1074 indigestam
2000 990 2248 1052 molem·
2265 986 2331 1050 iu
2378 989 2535 1051 artis

326 1094 591 1155 formam
618 1092 936 1172 redegerit
961 1106 1025 1157 et
1053 1092 1487 1159 illustraverit.
1519 1097 1756 1160 Verum
1800 1091 1993 1167 addit,
2039 1085 2240 1153 Attici
2279 1085 2531 1151 indutus

322 1207 619 1271 Persona,
636 1192 1032 1274 assumpsisse
1049 1190 1394 1275 Sulpicium
1423 1191 1797 1274 eloquentiae
1824 1201 2090 1263 tantum,
2119 1198 2192 1248 ut
2214 1184 2317 1267 jus
2345 1187 2531 1248 civile

323 1284 509 1347 saeue
534 1299 737 1368 1³⁰³set
764 1288 959 1364 tueri?
1001 1304 1068 1352 et
1101 1301 1269 1374 post,
1312 1286 1712 1373 principibus
1739 1291 1809 1352 in
1835 1286 2182 1369 eloquendo
2225 1304 2375 1347 num
2413 1304 2532 1366 par

322 1379 540 1457 fuerit,
570 1380 822 1446 dubium
847 1383 1172 1470 relinquit.
1223 1383 1579 1470 Philippica
1608 1387 1734 1465 lx,
1763 1385 1820 1448 'c.
1845 1387 1906 1460 5,
1940 1380 2252 1462 insignem
2282 1381 2529 1463 quidem

326 1482 598 1556 laudem,
642 1486 750 1545 sed
789 1483 1041 1561 mortui,
1092 1501 1157 1549 et
1191 1499 1492 1568 tanquam
1530 1481 1963 1566 jurisconsulti
2007 1482 2308 1545 continet.
2358 1478 2531 1542 Juris

328 1579 500 1644 enim
542 1582 772 1663 peritia
813 1596 959 1645 ante
999 1585 1338 1648 Antistium
1378 1584 1736 1648 Labeonem
1781 1594 1845 1644 et
1890 1580 2133 1644 Ateium
2166 1580 2532 1662 Capitonem

328 1681 619 1744 omuibus
643 1680 953 1764 praestitit,
972 1696 1049 1743 ut.
1067 1683 1244 1758 libri,
1271 1682 1812 1762 Reprehensorum
1842 1677 1910 1741 in
1931 1679 2201 1743 Scaevola
2229 1680 2526 1761 capitum,

327 1778 862 1841 Commentarium
890 1777 958 1838 in
987 1777 1313 1840 duodecim
1336 1775 1605 1851 tabulas,
1644 1789 1712 1839 et
1746 1775 1876 1849 alii,
1917 1775 1986 1836 in
2026 1791 2261 1835 summo
2301 1773 2536 1835 honore

325 1890 560 1939 essent.
604 1878 678 1938 In
717 1875 937 1958 primis
968 1874 1212 1939 Gellius
1250 1886 1316 1936 et
1350 1876 1567 1936 Festus
1593 1875 1819 1936 horum
1846 1871 2152 1934 librorum
2179 1869 2538 1932 testimonio

328 1987 612 2049 utuntur,
635 1993 896 2056 quorum
921 1973 1162 2035 iudices
1189 1972 1544 2037 exscribere
1572 1993 1701 2035 non
1726 1972 1902 2034 libet.
1938 1974 2026 2033 At
2046 1969 2357 2035 Cicerone
2378 1970 2528 2032 libe-

327 2075 525 2140 ralior
551 2072 1005 2158 Quintilianus,
1052 2072 1162 2154 qui
1201 2090 1328 2135 non
1366 2073 1553 2136 modo
1591 2073 1869 2156 exempla
1911 2091 1990 2132 ex
2029 2069 2300 2152 Sulpicio
2340 2069 2527 2150 petit,

328 2173 502 2234 velut
518 2174 630 2247 lv,
659 2172 721 2246 2,
752 2169 897 2243 106,
933 2181 999 2230 et
1014 2169 1123 2244 vl,
1157 2168 1215 2243 1,
1245 2168 1349 2244 20,
1378 2170 1488 2231 sed
1514 2169 1705 2231 etiam
1731 2165 2000 2231 studium
2030 2166 2164 2250 ejus
2191 2164 2258 2227 iu
2288 2163 2536 2227 imitan-

324 2270 425 2335 dis
440 2273 639 2360 poetis
655 2273 869 2335 laudat
887 2269 971 2344 X,
990 2270 1052 2345 5,
1076 2270 1140 2348 43
1165 2281 1230 2331 et
1248 2289 1509 2332 acumen
1531 2270 1816 2332 tribuens
1831 2268 2133 2351 Sulpicio,
2154 2277 2226 2328 ut
2246 2266 2535 2330 Scaevolae

326 2388 395 2438 et
434 2376 520 2435 Μ.
557 2373 817 2448 Catoni,
855 2369 1208 2435 facundiam
1246 2391 1489 2454 quoque
1529 2385 1757 2454 praeter
1796 2371 1953 2433 alias
1980 2381 2149 2431 artes
2174 2387 2532 2430 concessam

329 2484 594 2535 testatur
621 2471 762 2545 XII,
791 2470 894 2542 10,
924 2469 1028 2545 113
1060 2482 1126 2532 et
1152 2469 1461 2549 insignem
1490 2468 1695 2530 tribus
1721 2467 2108 2531 orationibus
2142 2466 2386 2529 laudem
2419 2461 2540 2525 sibi

326 2565 643 2652 peperisse
668 2567 863 2630 refert
882 2565 966 2643 X,
996 2566 1058 2643 1,
1088 2565 1233 2628 116.
1280 2563 1778 2628 Commentarios
1806 2576 2014 2628 autem
2034 2563 2424 2646 reliquarum
2455 2556 2552 2642 (ut

323 2667 555 2730 multas
575 2668 773 2748 egisse
792 2663 1061 2748 dicatur)
1082 2663 1585 2727 accuratissimos
1606 2661 1882 2727 confecit
1903 2659 2201 2749 (Quintil.
2224 2663 2310 2737 X,
2332 2657 2543 2742 mo).

325 2768 476 2832 Una
516 2783 593 2824 ex
624 2762 723 2823 his
759 2773 855 2825 est
894 2756 1101 2823 oratio
1119 2780 1240 2837 pro
1265 2760 1541 2841 Azfidae'a.
1591 2760 1810 2843 Qualis
1838 2779 1913 2821 ea
1940 2755 2156 2834 fuerit,
2194 2755 2542 2832 nescimus;

326 2861 725 2946 provectiore
751 2875 959 2924 tamen
987 2858 1250 2943 Sulpicii
1277 2869 1459 2921 oetate
1487 2871 1692 2923 actam
1718 2873 1985 2943 oportet,
2009 2879 2152 2921 cum
2172 2859 2258 2918 Μ.
2284 2856 2545 2922 Messala

332 2957 644 3024 Corvinus
665 2954 922 3019 alterius
938 2952 1140 3039 partis
1155 2968 1457 3037 patronus
1471 2956 1660 3019 fuisse
1680 2957 1949 3019 dicatur.
1974 2949 2078 3045 [V.
2094 2955 2176 3017 sr.
2188 2974 2255 3036 p.
2273 2951 2392 3014 174
2406 2949 2534 3040 sq.]

334 3059 723 3122 Dubitaruut
760 3070 966 3121 autem
1004 3059 1422 3132 Burmannus,
1456 3055 2005 3142 Capperonnerius
2032 3071 2099 3120 et
2123 3049 2541 3138 spaldingius‚

331 3175 501 3219 anne
525 3156 782 3219 fortasse
809 3166 1032 3218 contra
1069 3152 1371 3215 Aufidiam
1399 3154 1707 3237 Sulpicius
1751 3154 2004 3227 dixerit,
2051 3166 2122 3214 ut
2164 3150 2437 3214 omnium
2477 3149 2548 3211 li·

334 3254 591 3316 brorum
630 3272 935 3316 consensu
976 3252 1138 3334 apud
1177 3247 1632 3333 Quintilianum
1654 3253 1773 3325 VI,
1818 3250 1885 3326 1,
1918 3250 2024 3325 20,
2071 3247 2365 3310 refertur.
2426 3245 2548 3310 Sed

336 3347 797 3428 refragantibus
820 3349 978 3413 locis
1005 3360 1071 3410 et
1098 3347 1379 3429 pluribus
1401 3367 1520 3410 nec
1541 3348 1724 3409 unius
1740 3344 2121 3431 Quintiliani
2142 3346 2263 3407 hoc
2286 3341 2545 3407 concedi

336 3467 516 3531 posse
535 3466 660 3509 non
673 3449 948 3524 videtur,
968 3469 1088 3511 nec
1103 3449 1309 3521 video,
1332 3447 1478 3529 quid
1496 3444 1812 3510 inutilium
1828 3447 2134 3509 tricarum
2153 3444 2549 3525 nuperrimus

337 3546 544 3608 editor
571 3547 653 3607 ad
671 3548 750 3621 X,
785 3547 845 3620 1·,
872 3548 979 3621 22,
1013 3547 1132 3610 sibi
1171 3567 1392 3610 creare
1428 3546 1716 3609 voluerit.
1771 3546 1841 3611 Si
1880 3546 2235 3620 aberravit,
2285 3555 2356 3602 ut
2393 3542 2550 3604 solet

334 3641 678 3719 interdum,
711 3662 838 3706 non
864 3643 1113 3707 librarii
1140 3647 1248 3707 sed
1276 3644 1548 3708 auctoris
1573 3644 1899 3717 memoria,
1927 3644 2179 3707 credam
2206 3641 2411 3724 potius
2435 3642 2542 3715 Vl,

342 3740 406 3817 1,
440 3740 555 3815 20,
601 3736 1099 3823 praepositionem
1137 3742 1368 3802 mutari
1408 3737 1722 3816 debuisse,
1771 3759 1956 3821 quam
1999 3739 2274 3802 Messalae
2317 3756 2545 3800 nomen

335 3836 612 3919 Sulpicio
637 3836 946 3898 substitui.
990 3837 1124 3900 Hoc
1153 3839 1291 3898 loco
1314 3854 1441 3897 non
1473 3834 1819 3918 relinquam
1841 3834 2143 3900 Velleium
2169 3835 2257 3911 11,
2287 3834 2392 3910 36,
2427 3852 2546 3913 quo

335 3939 479 4002 loco
498 3955 636 3998 cum
664 3939 856 4000 ceteri
879 3937 1258 4022 interpretes
1285 3937 1568 4020 plerique
1585 3957 1808 4000 verum
1834 3936 2376 4019 praeterviderunt,
2411 3948 2542 3994 tum

330 4054 598 4117 maguus
605 4036 1009 4099 Ruhnkenius
1024 4037 1215 4101 nimia
1232 4034 1963 4119 emendandi-cupiditate
1995 4036 2320 4098 manifesto
2336 4033 2543 4114 lapsus

330 4149 451 4201 cst.
494 4134 811 4202 Lectionis
848 4137 1271 4202 diversitatem
1308 4150 1375 4201 et
1409 4137 1555 4201 Aldi
1581 4138 1974 4217 aliorumque
2000 4132 2282 4197 rationes
2310 4130 2543 4195 ibidem

330 4233 558 4319 inspici
574 4246 849 4317 possunt.
878 4233 999 4299 Sed
1021 4234 1159 4319 jam
1172 4234 1414 4317 Lipsius
1434 4254 1498 4316 p.
1524 4234 1847 4297 asareem
1867 4232 2285 4307 intellexerat,
2312 4247 2388 4292 eo
2406 4229 2542 4292 loco
