3367 5417
1903 473 2041 546 354

953 607 1103 674 Tac.
1140 617 1311 676 Anu.
1346 614 1454 687 111,
1490 611 1567 675 66
1592 632 1608 672 =
1636 612 1712 676 C.
1741 610 2049 687 Silanum,
2080 613 2518 694 proconsulem
2564 615 2748 687 Asiae,
2784 628 3079 696 repetun-

868 702 1086 771 darum
1127 729 1165 770 a
1199 706 1385 772 sociis
1412 708 1808 791 postulatum,
1853 709 2201 768 Mamercus
2241 709 2510 770 Scaurus
2552 731 2588 772 e
2628 711 3080 787 consularibus,

864 812 1092 874 Junius
1129 811 1296 875 Otho
1325 822 1576 892 praetor,
1611 810 1926 873 Brutidius
1944 809 2139 890 Niger
2165 811 2362 873 aedilis
2384 811 2567 873 simul
2597 813 2948 896 corripiunt
2972 813 3087 876 ob·

855 910 1216 995 jectantque
1246 911 1544 974 violatum
1576 908 1839 990 Augusti
1882 930 2136 986 numen,
2182 923 2457 992 spretam
2507 909 2753 975 Tiberii
2800 913 3083 1002 majesta·

862 1022 1021 1085 tem3
1053 1010 1404 1072 Mamercus
1431 1008 1999 1090 antiqua-exempla
2020 1006 2289 1088 jaciens,
2335 1008 2406 1070 1..
2454 1007 2706 1071 Cottam
2726 1028 2765 1070 a
2786 1008 3078 1092 Scipione

863 1108 1187 1182 Africano,
1220 1106 1359 1170 Ser.
1392 1106 1664 1171 Galbam
1683 1126 1723 1168 a
1751 1105 1992 1171 Catone
2021 1102 2330 1180 censorio,
2354 1108 2431 1170 Ρ.
2463 1102 2767 1171 Rutilium
2792 1128 2835 1171 a
2863 1109 3077 1173 Marco

861 1220 1201 1271 accusatos.
1232 1206 1538 1269 Videlicet
1565 1206 1776 1289 Scipio
1805 1221 1871 1270 et
1915 1206 2072 1270 Cato
2100 1205 2252 1269 talia
2292 1206 2781 1286 ulciscebantur,
2842 1223 2953 1272 aut
2975 1210 3080 1273 ille

855 1303 1149 1376 Scaurus,
1183 1322 1367 1384 quem
1405 1322 1707 1385 proavum
1735 1323 1911 1366 suum
1958 1302 2360 1386 opprobrium
2393 1302 2700 1387 majorum
2729 1307 3078 1370 Mamercus

855 1401 1073 1466 infami
1102 1422 1298 1487 opera
1332 1402 1803 1466 dehonestabat.

942 1506 1019 1568 ld
1042 1505 1272 1569 accidit
1296 1524 1359 1567 a.
1386 1508 1470 1571 U.
1494 1504 1640 1567 774.

940 1606 1101 1669 lbid.
1135 1607 1250 1683 vl,
1286 1608 1322 1667 9
1363 1627 1381 1667 2
1417 1606 1660 1668 Annius
1683 1605 1912 1678 Pollio,
1946 1608 2183 1689 Appius
2218 1606 2466 1670 Silanus
2494 1607 2733 1670 Scauro
2762 1610 3073 1672 Mamerco

856 1708 1039 1770 simul
1069 1726 1144 1768 ac
1174 1705 1408 1769 Sabino
1435 1706 1707 1769 Calvisio
1734 1704 2081 1788 majestatis
2115 1707 2534 1789 postulantur.

941 1808 1107 1870 lbid.
1141 1808 1258 1882 vl,
1309 1807 1389 1869 29
1412 1828 1430 1868 e
1457 1808 1807 1871 Mamercus
1827 1803 1975 1868 dein
2009 1807 2279 1872 Scaurus
2298 1828 2541 1872 rursum
2569 1808 2945 1890 postulatur,
2980 1809 3073 1871 in·

854 1904 1052 1990 signis
1081 1904 1411 1967 nobilitate
1435 1917 1504 1966 et
1528 1905 1786 1966 orandis
1815 1903 2020 1967 causis
2046 1950 2064 1977 ,
2122 1904 2255 1969 vita
2281 1904 2729 1987 probrosus....
2771 1906 3060 1981 Scaurus,

854 2015 924 2062 ut
967 2002 1224 2081 dignum
1267 2000 1588 2063 veteribus
1629 1996 1919 2075 AEmiliis,
1971 2001 2433 2064 damnationem
2484 2002 2707 2075 anteit,
2774 2002 3064 2066 hortante

855 2093 1066 2164 Sextia
1096 2119 1317 2174 uxore,
1356 2118 1489 2182 quae
1518 2099 1996 2162 incitamentum
2027 2100 2248 2162 mortis
2284 2114 2350 2163 et
2372 2101 2686 2184 particeps
2714 2101 2852 2163 fuit.

654 2236 799 2317 236
910 2237 1263 2307 postulatur]
1301 2254 1332 2289 a
1351 2236 1586 2298 Thusco,
1617 2246 1680 2288 ut
1712 2235 1975 2289 mem-iae
2004 2234 2223 2286 tradidit
2256 2235 2455 2287 Seneca
2491 2236 2689 2289 Suasor
2731 2238 2799 2298 ΙΙ,
2827 2255 2948 2307 pag.
2978 2237 3066 2297 24,

993 2338 1135 2372 anno
1160 2320 1283 2372 786.

921 2445 1033 2493 vita
1043 2441 1356 2511 probrosus]
1392 2438 1503 2491 vid.
1535 2439 1739 2492 Seneca.
1766 2441 1843 2493 De
1870 2440 2099 2493 Benefic.
2130 2441 2227 2504 IV,
2261 2445 2347 2495 31.

1388 2643 1474 2716 C.
1533 2643 1869 2714 Decimus
1921 2638 2179 2714 Laelius
2228 2640 2517 2714 Balbus.

933 2869 1203 2959 Quintil.
1248 2867 1333 2949 X,
1386 2873 1442 2949 1,
1500 2872 1627 2935 24:
1670 2863 1865 2936 Nobis
1907 2874 2118 2955 pueris
2146 2873 2420 2954 insignes
2443 2895 2560 2952 pro
2596 2873 2903 2939 Voluseno
2947 2877 3055 2937 Cu-

849 2975 972 3035 tulo
1000 2965 1264 3040 Domitii
1295 2971 1453 3054 Afri,
1490 2967 1698 3055 Crispi
1726 2973 2031 3046 Passieni,
2078 2969 2324 3034 Decimi
2361 2967 2555 3035 Laelii
2579 2983 2883 3037 orationes
2909 2976 3061 3041 fere-

844 3074 1100 3137 bantur.

915 3213 990 3263 D.
1027 3208 1216 3277 Laelii]
1252 3210 1530 3262 Annorum
1560 3209 1794 3280 spatium
1818 3208 1961 3262 baud
1988 3209 2246 3280 peu-mittit
2278 3226 2561 3282 agnouere
2592 3211 2657 3262 D.
2687 3207 2907 3262 Laelium
2932 3208 3058 3263 Bal·

987 3298 1136 3362 bum,
1158 3315 1317 3368 quem
1337 3314 1404 3349 ex
1431 3296 1605 3350 Cicer.
1635 3297 1714 3350 De
1738 3308 1872 3349 orat.
1901 3295 1974 3360 11,
2019 3299 2071 3360 6,
2110 3297 2409 3368 accepimus
2437 3296 2613 3349 virum
2642 3296 2841 3349 bonum
2863 3307 2922 3348 et
2940 3315 3055 3349 nou

984 3369 1299 3436 illiteratum
1329 3400 1466 3446 esse,
1503 3382 1596 3453 qni
1624 3393 1943 3452 quoesturam
1971 3382 2139 3453 gessit
2162 3400 2211 3435 a.
2243 3385 2310 3436 U.
2338 3383 2463 3436 626.
2490 3383 2602 3435 Nec
2629 3383 2794 3454 mag-is
2825 3394 3055 3446 constat,

981 3490 1052 3524 an
1073 3469 1183 3533 hie,
1210 3486 1368 3540 quem
1390 3468 1697 3539 qum-imus,
1723 3466 1864 3520 idem
1883 3467 1955 3520 sit
1974 3486 2098 3520 cum
2117 3469 2184 3520 D.
2213 3463 2399 3534 Laelio,
2422 3471 2511 3540 qui
2533 3488 2582 3522 a.
2603 3470 2673 3522 U.
2703 3469 2808 3521 699
2826 3481 3056 3540 quaestor

987 3554 1046 3607 in
1074 3552 1260 3607 Sicilia
1283 3552 1474 3616 fuerat,
1501 3564 1557 3605 et
1581 3564 1767 3605 eontra
1790 3570 1946 3623 quem
1972 3553 2047 3604 M.
2073 3551 2279 3605 coelius
2299 3547 2355 3604 iu
2383 3549 2621 3605 oratione
2642 3551 2868 3622 quadam
2897 3546 3051 3615 dixit,

984 3644 1049 3692 ut
1065 3656 1132 3692 ex
1156 3637 1389 3709 Quintil.
1418 3637 1515 3700 vl,
1545 3640 1599 3702 8,
1632 3637 1723 3701 89,
1750 3637 1968 3690 scimus.
1996 3636 2151 3689 Alius
2170 3638 2238 3689 D.
2263 3635 2460 3690 Loelins
2486 3650 2542 3690 et
2557 3636 2804 3690 diversus
2824 3636 2893 3690 ab
2911 3650 3056 3690 utro-

981 3741 1108 3795 que,
1132 3742 1268 3794 quos
1293 3721 1584 3787 nominavi,
1609 3719 1949 3774 consulatum
1972 3720 2137 3794 gessit
2161 3739 2211 3774 a.
2232 3722 2299 3773 U.
2331 3721 2457 3783 747,
2486 3733 2549 3774 ut
2567 3720 2668 3774 Dio
2688 3719 2913 3773 &ssim
2934 3722 3051 3786 LV,

979 3811 1035 3874 9,
1076 3805 1283 3861 retulit.
1314 3805 1461 3875 Quid
1495 3823 1620 3859 vero
1646 3803 1877 3877 amplius
1898 3806 1927 3857 1>
1950 3825 2048 3859 cur
2072 3804 2279 3859 diutius
2310 3804 2560 3859 lectorem
2584 3806 2893 3859 mur?
2928 3804 3045 3869 mc,

980 3893 1048 3949 de
1076 3912 1185 3966 quo
1208 3892 1402 3965 agitur,
1429 3910 1459 3944 a
1486 3891 1669 3944 Tacito
1687 3903 2123 3945 commemoratur
2154 3889 2351 3945 Annal.
2373 3890 2467 3955 vl,
2493 3891 2560 3944 47
2583 3911 2597 3943 =
2623 3891 2822 3944 Latius
2848 3891 3046 3943 Bau-u

977 3978 1249 4042 Acamas,
1289 3974 1366 4028 P.
1397 3969 1607 4029 Vitellii
1635 3972 1891 4045 quandam
1917 3991 2152 4033 uxerem,
2196 3972 2488 4047 majestatis
2525 3973 2912 4046 postulaverat,
2942 3989 3044 4043 qua

978 4065 1225 4119 damula
1238 4082 1352 4118 eum
1362 4060 1638 4135 praemium
1653 4060 1953 4114 acemdori
1973 4060 2355 4126 decerneretur,
2390 4057 2591 4114 Iunius
2615 4059 2774 4120 Otho,
2804 4059 3039 4112 crannus

967 4144 1161 4221 plebis,-
1176 4138 1488 4206 humanit,
1514 4141 1649 4197 unde
1672 4143 1781 4197 illie
1799 4142 1943 4204 odia,
1968 4161 2085 4195 mox
2116 4137 2582 4198 Othom‘essc'lium.
2603 4142 2740 4196 Dein
2769 4144 3043 4195 mutem-m

978 4234 1230 4290 amoribus
1244 4238 1457 4299 famosa
1486 4227 1755 4282 Aauu'lla
1778 4227 2016 4298 defertur
2048 4226 2330 4301 impietatis
2360 4233 2411 4280 ἔτι
2439 4228 2751 4299 principem.
2781 4224 3042 4281 Aua-eva

978 4321 1126 4376 &rao
1142 4323 1247 4373 cetu
1263 4336 1299 4371 a
1316 4322 1473 4371 semet
1504 4316 1780 4370 vulnerata
1790 4314 1954 4390 jussu
1980 4321 2192 4369 senatus
2223 4312 2279 4368 in
2308 4333 2561 4369 career-ent
2570 4316 2783 4382 fertur.
2808 4312 3036 4383 Stupro-
