3367 5417
809 572 1105 636 soentulis
1132 573 1659 655 relinquerentur,
1693 576 2018 657 ,progressi
2051 586 2260 638 autem
2282 563 2630 638 honoribus
2654 566 2850 655 magis
2868 593 3017 656 gra·

809 669 949 732 tiosi
981 691 1160 753 quam
1191 670 1509 734 terribiles
1547 693 1682 736 esse
1709 674 1964 735 vellent.
2007 671 2186 736 Conf.
2222 675 2299 737 de
2326 673 2784 737 adolescentum
2832 693 3014 739 accu-

808 768 1152 831 sationibus
1170 771 1394 834 Pollet.
1420 771 1468 832 l.
1494 791 1554 832 c.
1580 772 1665 844 11,
1693 773 1758 833 6.
1775 769 1882 834 Sic
1903 771 2159 834 ambitio
2182 771 2570 834 defensorum
2588 789 2729 832 cum
2748 770 3015 836 levitate

801 866 1079 947 judicum
1107 886 1275 949 saepe
1313 867 1626 930 venalium
1654 867 1986 942 consensit,
2037 880 2107 930 ut
2131 869 2227 931 rei
2251 868 2354 929 vel
2381 867 2646 929 maxime
2681 867 2851 929 noxii
2886 870 3014 931 exi-

806 978 1149 1027 merentur.
1174 967 1251 1028 V.
1281 963 1543 1030 Coelium
1564 966 1648 1028 ad
1675 965 1810 1030 Cic.
1844 966 1911 1029 in
1939 967 2097 1048 Epp.
2129 967 2210 1028 ad
2238 963 2411 1029 divv.
2442 966 2619 1040 vm,
2654 964 2720 1040 2,
2756 963 3002 1028 collatis

809 1062 847 1123 4
875 1076 940 1124 et
968 1065 1030 1125 6.

891 1162 1025 1223 Hoc
1056 1179 1353 1241 perverso
1381 1180 1553 1224 more
1581 1162 1836 1236 factum,
1878 1172 1949 1221 ut
1989 1161 2291 1239 frigerent
2318 1171 2737 1233 accusatores,
2790 1160 3006 1240 paucis

810 1276 1012 1339 neque
1042 1253 1353 1318 nobilibus
1380 1259 1461 1318 ad
1496 1258 1614 1321 hoc
1644 1277 1867 1328 munus
1891 1254 2436 1330 descendentibus3
2463 1267 2530 1317 et
2557 1266 2628 1315 ut
2652 1255 3008 1318 exultarent

808 1351 1153 1437 potentium
1186 1353 1442 1415 audacia
1468 1355 1657 1417 noxii.
1687 1355 1843 1416 Inde
1872 1352 2078 1433 gratia
2105 1355 2354 1434 quidem
2377 1351 2757 1414 defendendo
2791 1364 3007 1433 poten·

809 1453 962 1516 tium
1009 1452 1312 1523 inibatur,
1352 1452 1461 1512 sed
1499 1469 1638 1512 cum
1666 1450 1906 1514 offensa
1944 1451 2177 1535 populi,
2230 1450 2525 1533 pleraque
2571 1462 2748 1512 recta
2774 1461 2842 1511 et
2865 1450 3005 1513 sine

802 1550 1032 1632 injusto
1060 1545 1260 1611 studio
1277 1545 1635 1627 judicantia
1666 1549 1819 1609 Inde
1841 1547 2195 1611 exsibilatus
2232 1543 2622 1621 Hortensius,
2651 1566 2794 1608 cum
2826 1566 3004 1610 reum

803 1651 1125 1713 manifesto
1169 1658 1406 1709 sontem
1456 1647 1820 1722 exemisset3
1851 1649 1998 1710 inde
2030 1668 2068 1710 a
2103 1647 2398 1711 Juventio
2428 1643 2753 1709 Laterensi
2796 1647 3036 1710 couvi-⁴

800 1748 967 1810 cium
994 1743 1219 1810 Cicero
1248 1742 1509 1816 audivit,
1561 1746 1722 1823 quod
1751 1743 1937 1806 nimis
1970 1743 2297 1807 ambitiose
2325 1745 2547 1807 multos
2600 1743 3000 1817 defenderet,

800 1862 866 1912 et
903 1849 1112 1910 dedita
1147 1865 1339 1926 opera
1375 1844 1757 1907 miserabiles
1806 1860 1922 1925 pro
1961 1844 2240 1907 sontibus
2266 1846 2693 1927 perorationes
2743 1843 3000 1907 faceret.

803 1947 911 2015 Sic
946 1948 1238 2020 invaluit,
1269 1958 1340 2005 ut
1366 1944 1603 2007 homini
1631 1944 1887 2007 honesto
1919 1946 1987 2007 in
2003 1944 2259 2029 judiciis
2279 1947 2488 2009 omnia
2514 1947 2801 2022 licerent,
2835 1943 3008 2009 facta

804 2049 1037 2111 infecta
1064 2044 1276 2108 verbis
1308 2045 1594 2119 reddere,
1629 2045 1982 2127 probabilia
2028 2045 2196 2107 nullo
2224 2045 2473 2127 negotio
2512 2044 2802 2128 rejicere,
2848 2066 3008 2109 vera

804 2145 978 2210 salsis
1014 2146 1307 2219 obruere,
1356 2158 1426 2205 ut
1474 2163 1657 2224 quam
1688 2142 1940 2226 plurimi
1986 2148 2252 2209 oratoris
2290 2167 2479 2229 opera
2521 2165 2719 2229 poenoe
2756 2146 3001 2208 subtra-

801 2247 1145 2316 herentur3
1194 2240 1359 2323 quod
1397 2238 1550 2320 justi
1594 2254 1659 2304 et
1705 2242 1893 2324 probi
1932 2239 2061 2303 viri
2091 2243 2376 2325 judicare
2398 2286 2414 2314 ,
2472 2255 2685 2307 nostro
2721 2256 3003 2325 tempore

804 2361 984 2407 nemo
1013 2335 1197 2413 ausit,
1231 2357 1583 2420 quanquam
1612 2358 1737 2402 non
1769 2340 1950 2402 modo
1976 2340 2263 2402 Ciceroni
2279 2354 2344 2401 et
2369 2339 2760 2424 Quintiliano
2776 2340 2889 2416 Xl,
2941 2344 2998 2416 1,

804 2440 908 2515 74,
943 2439 1051 2501 sed
1079 2437 1267 2498 etiam
1295 2435 1501 2498 Stoico
1538 2438 1818 2500 Panaetio
1847 2457 1950 2520 ap.
1977 2437 2091 2501 Cic
2113 2438 2211 2499 De
2243 2436 2403 2498 offic.
2450 2439 2541 2512 11,
2589 2437 2687 2514 14,
2734 2438 2992 2521 placuit.

802 2540 932 2600 Nec
960 2548 1167 2598 tamen
1204 2536 1544 2606 Varenum,
1577 2534 1936 2608 Gabinium,
1988 2534 2314 2605 Scaurum,
2354 2553 2507 2614 quos
2547 2535 2870 2598 ambitiose
2896 2536 3002 2596 de·

799 2639 1014 2711 fendit,
1040 2657 1124 2698 ex
1152 2632 1663 2698 manifestissimis
1695 2632 2067 2697 criminibus
2100 2637 2346 2719 eripere
2389 2634 2612 2718 potuit.
2647 2637 2743 2700 Cf.
2780 2635 2992 2701 Valer.

800 2742 962 2802 Max.
991 2738 1168 2809 VIII,
1221 2738 1278 2813 l,
1320 2738 1430 2811 103
1461 2733 1736 2819 Quintil.
1767 2738 1879 2812 IV,
1916 2738 1983 2812 1,
2021 2741 2139 2811 693
2191 2737 2340 2811 VII,
2375 2737 2438 2808 2,
2475 2738 2580 2800 86.
2626 2735 3000 2801 violentiam

795 2840 1239 2901 advocatorum
1282 2847 1347 2895 et
1376 2847 1782 2915 patronorum
1817 2832 2090 2915 ejusdem
2119 2834 2341 2896 Scauri
2369 2853 2553 2895 causa
2595 2835 2912 2917 ostendit(
2936 2854 2998 2897 v.

796 2942 1025 3000 Ascon.
1053 2933 1121 2995 in
1138 2934 1358 2998 Scaur.
1386 2953 1452 3015 p.
1476 2935 1555 2998 28
1582 2956 1674 3017 sq.
1697 2937 1796 2998 ed.
1821 2935 2063 3017 Orell.),
2092 2948 2162 2996 ut
2176 2931 2494 2997 notissima
2510 2929 2728 2998 Verris
2749 2935 2998 3010 auxilia,

796 3038 1201 3100 Hortensium
1231 3082 1248 3110 ,
1295 3036 1593 3111 Metellos,
1653 3036 1973 3118 Scipiones
2020 3048 2404 3119 praeteream.
2460 3036 2750 3099 Ceterum
2800 3048 3000 3099 orato·

795 3139 989 3209 ribus,
1017 3137 1238 3217 quibus
1256 3134 1428 3211 olim,
1458 3147 1755 3216 quantum
1785 3138 1996 3200 dicere
2010 3137 2263 3208 vellent,
2287 3136 2542 3212 licebat,
2575 3135 2845 3218 primum
2863 3137 2999 3216 lege

795 3239 1089 3321 Pompeia
1123 3237 1339 3301 modus
1381 3234 1722 3317 praefinitus
1749 3249 1843 3299 est
1869 3234 2043 3318 (Cic.
2076 3239 2251 3299 Brut.
2280 3256 2338 3298 c.
2366 3237 2469 3313 94,
2495 3250 2561 3300 et
2584 3256 2785 3320 saepe3
2825 3238 2993 3299 Dial.

794 3338 872 3399 de
908 3348 1091 3399 oratt.
1139 3356 1195 3397 c.
1242 3333 1382 3420 38).
1423 3331 1698 3394 invaluit
1737 3334 1924 3395 etiam
1962 3332 2217 3397 vitiosus
2259 3353 2413 3408 mos,
2462 3347 2533 3396 ut
2579 3336 2862 3417 pluribus
2888 3356 2995 3418 pa-

789 3431 997 3496 tronis
1024 3450 1223 3494 causae
1263 3428 1887 3504 administrarentur3
1931 3450 2130 3512 neque
2170 3432 2337 3494 binis
2365 3434 2586 3510 solum,
2633 3434 2743 3495 sed
2775 3435 2992 3508 ternis,

786 3533 895 3595 vel
921 3533 1088 3595 senis
1122 3531 1212 3595 rei
1243 3530 1475 3594 defensi
1505 3540 1681 3604 sunt3
1723 3551 1906 3593 causa
1939 3534 2035 3594 vel
2071 3535 2156 3595 ita
2191 3532 2447 3615 partita,
2482 3548 2552 3595 ut
2569 3534 2732 3596 alter
2758 3533 2996 3615 exposi-

786 3631 1047 3704 tionem,
1098 3627 1634 3692 confirmationem
1680 3643 1745 3691 et
1789 3631 2244 3711 perorationem
2287 3631 2447 3692 alter
2487 3633 2845 3716 susciperet,
2891 3628 2998 3693 vel

793 3743 1121 3812 utrumque
1149 3750 1369 3792 munus
1412 3730 1584 3810 quasi
1612 3730 1925 3809 integrum
1960 3728 2220 3810 singuiis
2267 3744 2647 3793 servaretur.
2685 3730 2787 3794 Sic
2813 3728 2999 3793 Goelii

790 3848 976 3892 causa
1016 3839 1242 3910 proeter
1276 3827 1467 3910 ipsius
1500 3846 1754 3908 operam
1785 3847 1822 3887 a
1864 3827 2166 3889 Cicerone
2200 3838 2264 3888 et
2306 3825 2639 3891 Hortensio
2677 3839 2854 3901 acta,
2907 3828 2998 3888 sic

794 3924 995 3998 Balbi,
1030 3935 1095 3986 et
1114 3924 1307 3988 Sextii
1320 3943 1342 3998 ³,
1374 3937 1439 3986 et
1457 3920 1665 3987 Flacci
1700 3936 1763 3985 et
1787 3924 2090 3995 Murenae,
2124 3924 2248 3984 imo
2284 3943 2392 3984 sex
2418 3922 2698 4006 patronis
2730 3925 2999 3988 Scaurus

795 4026 1100 4097 defensus,
1120 4019 1449 4095 Cicerone,
1468 4021 1748 4095 Messala,
1774 4022 2125 4092 Hortensio,
2144 4019 2405 4096 Calidio,
2423 4022 2663 4099 Clodio,
2681 4022 2996 4097 Marcello,

791 4138 862 4185 ut
892 4122 1648 4205 Asconiusinargumento
1673 4142 1870 4186 causae
1889 4142 1952 4205 p.
1978 4117 2057 4184 20
2080 4123 2291 4187 refert.
2308 4124 2476 4200 Post,
2504 4138 2651 4187 ante
2662 4126 2864 4206 legem
2893 4127 3001 4188 Ju-

779 4212 865 4289 ¹ia
881 4247 941 4288 m
958 4229 1035 4288 ad
1049 4230 1359 4291 duodenos
1374 4238 1743 4310 perventum
1758 4244 1912 4303 esse,
1927 4226 2089 4288 idem
2107 4227 2409 4290 Asconius
2425 4239 2642 4290 auctor
2656 4241 2752 4290 est
2762 4224 2965 4310 (ibid.)
2979 4292 2996 4308 ‚
