3367 5417
1886 405 1976 476 68

825 566 969 608 suas
989 566 1091 607 res
1112 543 1321 606 verbis
1346 544 1688 619 extulisset,
1716 555 1780 604 et
1805 544 2104 624 equitum,
2129 538 2235 621 qui
2271 551 2423 603 tunc
2444 536 2836 623 judicabant,
2869 540 3041 604 invi·

828 644 1001 710 diam
1032 644 1302 709 conflare
1334 664 1462 707 non
1491 655 1653 710 esset
1682 641 1941 715 veritus,
1976 653 2309 722 antequam
2336 640 2655 706 ferrentur
2682 644 3036 717 sententioe,

825 755 1045 825 sponte
1071 744 1139 805 in
1165 742 1446 805 exsilium
1478 741 1659 804 abiit.
1708 743 1844 806 Hoc
1871 753 1996 815 est,
2030 740 2192 822 quod
2218 738 2456 801 invidia
2483 738 2807 820 depulsum
2837 740 3038 806 tribu-

827 852 978 904 natu
1006 841 1180 906 Urbe
1208 839 1540 903 excessisse
1571 835 1801 903 Cicero
1827 838 1983 901 dicit
2001 838 2099 901 De
2139 850 2302 899 orat.
2339 837 2462 911 111,
2507 835 2569 897 3.
2617 836 2878 899 Factum
2904 858 3039 906 esse

829 938 1033 1023 primo
1057 939 1209 1002 belli
1264 936 1517 1002 socialis
1557 959 1723 1004 anno
1760 938 1988 1003 Cicero
2025 939 2216 999 Bruto
2254 956 2317 997 c.
2355 936 2435 998 89
2474 935 2767 998 ostendit.
2815 938 3043 1004 Secuta

827 1042 1077 1106 Cottam
1112 1043 1181 1104 iu
1222 1040 1442 1105 exsilio
1469 1055 1671 1106 mater
1697 1040 1942 1105 Rutilia
1961 1090 1978 1120 ,
2022 1039 2278 1106 virilem
2315 1044 2388 1103 P.
2420 1041 2640 1114 Rutilii
2664 1042 2880 1103 fratris
2907 1043 3039 1104 ani—

829 1158 1000 1202 mum
1027 1137 1334 1203 retinens.
1358 1140 1558 1202 Testis
1573 1141 1816 1203 Seneca
1831 1138 2080 1203 Consol.
2103 1140 2182 1200 ad
2205 1137 2389 1200 Helv.
2422 1157 2481 1199 c.
2511 1138 2610 1197 16.
2646 1137 2828 1201 Conf.
2854 1137 3042 1201 etiam

832 1241 1187 1323 Appianum
1206 1242 1279 1300 B.
1306 1238 1445 1304 civ.
1473 1242 1529 1317 I,
1559 1242 1673 1316 373
1708 1240 1847 1302 Val.
1877 1240 2245 1313 Max.v111,
2277 1238 2338 1299 6.
2371 1238 2584 1302 Rediit
2609 1259 2751 1324 cnm
2773 1241 2847 1302 L.
2873 1241 3042 1303 Sulla

835 1359 894 1402 a.
925 1339 1073 1414 671,
1104 1341 1229 1405 Cn.
1264 1338 1555 1404 Carbone
1577 1343 1705 1416 111,
1734 1340 1808 1404 C.
1837 1340 2035 1404 Mario
2056 1338 2230 1402 Coss.
2277 1339 2430 1399 Inde
2454 1338 2707 1414 factum,
2750 1351 2822 1400 ut
2853 1338 3042 1403 aedili·

831 1449 1050 1516 tatem,
1078 1459 1243 1502 anno
1270 1459 1381 1502 suo
1406 1441 1832 1523 praeterlapso,
1865 1458 1993 1500 non
2022 1450 2290 1521 peteret,
2320 1450 2386 1499 et
2404 1456 2486 1498 ne
2506 1449 2778 1519 praetura
2799 1436 3044 1520 quidem

702 1535 713 1548 ⁸
830 1535 1230 1617 fungeretur3
1266 1556 1484 1618 quare,
1512 1548 1582 1596 ut
1608 1532 1931 1617 Philippus
1943 1548 2016 1616 ⁸et
2036 1531 2253 1610 Curio,
2294 1553 2361 1596 se
2383 1530 2526 1596 sine
2552 1552 2812 1597 munere
2839 1535 3046 1598 omnia

832 1631 960 1696 civi
983 1635 1265 1697 Romano
1281 1631 1630 1696 honorifica
1649 1633 1943 1716 adeptum
1968 1632 2149 1696 dixit.
2182 1630 2368 1696 Sullae
2389 1631 2490 1693 vel
2516 1650 2644 1693 non
2663 1630 2815 1695 satis
2837 1646 3049 1714 gratus

828 1730 1037 1811 fuisse,
1062 1734 1163 1798 vel
1188 1732 1491 1815 defugisse
1533 1734 1784 1797 videtur
1827 1734 2142 1814 angustias
2181 1730 2523 1815 petitionis,
2569 1733 2791 1815 quibus
2826 1753 3048 1816 parum

832 1831 1007 1913 digni
1041 1835 1361 1898 dictatoris
1386 1831 1689 1913 suffragio
1716 1834 2020 1896 honorem
2041 1833 2250 1915 adepti
2279 1845 2449 1907 sunt,
2474 1832 2603 1908 alii,
2630 1846 2698 1895 ut
2713 1834 2796 1918 Q.
2818 1835 3045 1913 Ofella,

836 1934 1240 1995 temerariam
1266 1930 1676 1996 ambitionem
1703 1945 1903 1993 morte
1931 1932 2208 1994 luerunt.
2241 1930 2640 1995 Consulatum
2670 1935 2838 1996 enim
2864 1933 3050 1997 Cotta

836 2054 979 2098 cum
1007 2035 1080 2093 L.
1112 2031 1377 2097 Octavio
1406 2033 1597 2113 gessit
1623 2053 1682 2095 a.
1712 2029 1861 2109 678,
1907 2033 2079 2095 Sulla
2115 2033 2343 2095 dudum
2379 2048 2646 2097 mortuo.
2696 2034 2808 2120 His
2834 2054 3051 2099 consu·

835 2132 1001 2202 libus
1038 2131 1131 2193 rei
1161 2130 1591 2194 frumentariae
1630 2147 1784 2191 cura
1826 2140 2004 2196 extra
2039 2130 2325 2195 ordinem
2363 2133 2734 2194 demandata
2760 2145 2856 2194 est
2885 2128 3043 2215 (Cic.

835 2235 1023 2295 Verr.
1059 2231 1186 2303 111,
1213 2232 1302 2316 7).
1355 2233 1672 2294 Praeterea
1714 2229 1898 2292 Cotta
1941 2231 2334 2294 tribunitiam
2377 2244 2743 2314 potestatem
2783 2232 3047 2306 macula,

837 2347 1023 2410 quam
1056 2327 1370 2390 inusserat
1405 2327 1479 2387 L.
1519 2326 1719 2402 Sulla,
1760 2327 2086 2404 liberavit,
2133 2327 2413 2409 quamvis
2450 2328 2684 2392 offensa
2726 2327 3052 2395 nobilitate

703 2437 713 2448 ·
838 2423 990 2510 (Cic.
1018 2422 1242 2502 fragm.
1266 2421 1522 2488 Cornel.
1547 2443 1611 2505 p.
1638 2423 1722 2485 25
1750 2423 2004 2487 Schiitz.
2041 2420 2134 2511 [et
2155 2428 2385 2488 Ascou.
2412 2447 2475 2508 p.
2509 2424 2588 2488 74
2618 2425 2718 2487 ed.
2744 2421 2977 2513 Orell.]
2998 2429 3045 2514 ).

835 2523 1126 2595 Permisit
1152 2525 1321 2586 enim
1349 2521 1609 2586 Aurelia
1641 2523 1765 2600 lex,
1803 2537 1873 2587 ut
1909 2522 2235 2588 tribunatu
2273 2522 2472 2586 functi
2514 2526 2667 2588 alios
2695 2523 2921 2589 deinde
2949 2529 3051 2592 ho-

837 2646 1025 2688 nores
1059 2637 1371 2709 peterent.
1417 2624 1600 2688 Conf.
1644 2627 1877 2688 Ascon.
1921 2627 2002 2688 ad
2033 2629 2219 2689 Verr.
2260 2627 2378 2703 111,
2422 2625 2526 2687 60.
2578 2628 2811 2709 Quales
2850 2615 3054 2693 autem

745 2716 761 2732 “
838 2724 1110 2788 Aureliae
1131 2726 1300 2806 leges
1320 2722 1592 2799 suerint,
1618 2726 1696 2787 de
1726 2723 2109 2808 quibusipse
2139 2726 2515 2805 abrogandis
2544 2729 2614 2790 in
2642 2740 2864 2790 senatu
2888 2744 3050 2791 retu·

838 2824 1007 2899 lerit‚
1051 2826 1212 2905 quod
1246 2824 1616 2888 Ciceronem
1654 2823 1773 2886 Or.
1813 2843 1931 2906 pro
1956 2823 2212 2888 Cornel.
2252 2823 2299 2885 l.
2343 2846 2401 2886 c.
2428 2824 2527 2907 (p.
2570 2825 2647 2889 66
2686 2828 2916 2889 Ascon.
2952 2829 3051 2890 ed.

838 2921 1066 3006 Orell.)
1094 2921 1326 2992 dixisse
1359 2924 1661 2999 videmuS,
1714 2944 1841 2988 non
1880 2925 2031 2988 satis
2067 2938 2347 3019 constat)
2390 2926 2571 2987 Illam
2609 2928 2688 2988 de
2726 2926 3056 2990 tribunitia

839 3035 1146 3107 potestate
1173 3025 1244 3087 in
1264 3026 1362 3087 his
1390 3046 1520 3089 non
1546 3045 1705 3099 esse,
1738 3027 2044 3089 Asconius
2072 3026 2152 3087 ad
2181 3026 2246 3087 h.
2276 3027 2322 3087 l.
2350 3026 2593 3088 consilii
2622 3028 2901 3089 incertus
2925 3027 3057 3111 ipse

841 3122 1196 3201 adnotavit,
1239 3146 1442 3208 neque
1481 3125 1646 3209 apud
1682 3125 2093 3189 Fenestellam
2108 3174 2126 3202 ‚
2176 3145 2380 3206 neque
2421 3127 2581 3208 apud
2608 3126 2965 3191 Sallustium
2993 3142 3061 3191 et

839 3217 1088 3284 Livium
1118 3220 1453 3304 quidquam
1480 3221 1745 3304 reperit.
1778 3222 2008 3300 Legem
2036 3223 2113 3283 de
2134 3219 2412 3303 judiciis,
2451 3235 2522 3283 ut
2551 3241 2678 3284 non
2710 3223 2925 3299 solam,
2964 3219 3060 3288 ita

840 3318 943 3381 vel
962 3337 1038 3380 ea
1058 3319 1136 3379 de
1162 3337 1235 3379 re
1262 3339 1389 3381 non
1409 3314 1725 3378 intellexit
1740 3313 1989 3394 Cicero,
2021 3319 2181 3398 quod
2203 3337 2242 3378 a
2264 3319 2348 3378 M.
2377 3315 2636 3381 Aurelio
2656 3319 2841 3382 Cotta
2862 3319 3059 3383 fratre

840 3434 1010 3479 anno
1031 3416 1278 3477 demum
1299 3425 1598 3496 sequente
1627 3413 1935 3492 abrogata
1962 3427 2077 3477 est.
2110 3416 2319 3478 Potest
2340 3428 2550 3480 tamen
2572 3417 2694 3479 hoc
2717 3417 3053 3497 negotium,

841 3512 916 3577 de
947 3531 1066 3594 quo
1097 3512 1171 3574 C.
1198 3510 1383 3575 Cotta
1422 3511 1639 3573 consul
1677 3511 1918 3574 referre
1957 3525 2267 3595 coeperat,
2314 3511 2383 3573 iu
2422 3525 2782 3594 sequentem
2824 3533 3060 3575 aunum

843 3623 1192 3676 extractum
1209 3612 1433 3676 videri.
1458 3614 1549 3675 Ex
1569 3613 1891 3677 consulatu
1907 3611 2183 3678 Galliam
2203 3612 2596 3696 provinciam
2615 3615 2890 3687 sortituS,
2912 3634 3061 3678 cum

842 3708 1009 3792 justo
1027 3715 1319 3796 cupidior
1342 3712 1642 3799 triumphi
1662 3716 1899 3791 suisset,
1915 3715 2051 3798 jam
2071 3718 2325 3780 decreto
2346 3719 2586 3781 honore
2606 3717 2782 3796 fungi
2801 3734 2932 3779 non
2952 3737 3059 3801 po-

848 3812 993 3885 tuit,
1017 3815 1124 3876 sed
1143 3817 1469 3896 repentina
1490 3829 1695 3879 morte
1727 3817 2070 3881 exstinctus
2088 3832 2182 3881 est
2202 3815 2361 3900 (Cic.
2385 3818 2498 3884 Or.
2527 3820 2596 3884 in
2619 3820 2826 3884 Pison.
2856 3837 2920 3884 c.
2946 3818 3052 3894 26,

846 3913 1027 3978 Brut.
1055 3933 1114 3975 c.
1144 3914 1247 3987 923
1274 3916 1437 3978 cons.
1462 3919 1693 3982 Ascon.
1721 3916 1863 3979 adl.
1891 3915 1999 3998 c.).

938 4016 1042 4116 53.
1093 4016 1455 4092 Causarum,
1490 4037 1641 4099 quas
1670 4014 1847 4094 dixit,
1881 4036 2117 4100 paucae,
2148 4037 2357 4101 eaeque
2393 4022 2644 4085 nomine
2681 4023 2929 4084 t'antum
2962 4032 3057 4082 te-

855 4129 991 4185 nus,
1022 4122 1183 4174 notae
1208 4123 1379 4177 sunt.
1428 4113 1801 4177 Adolescens
1839 4111 2118 4176 defendit
2154 4116 2524 4180 avunculum
2552 4121 2626 4180 P.
2652 4115 2957 4181 Rutilium
2994 4127 3061 4180 et

788 4299 793 4306 .
853 4210 1131 4290 quamvis
1145 4232 1343 4295 panca
1362 4232 1480 4282 nec
1498 4213 1703 4280 fucata
1721 4213 1980 4295 artibus,
1999 4226 2208 4280 tamen
2228 4215 2503 4281 oratorie
2526 4219 2709 4281 dixit.
2745 4214 3061 4283 Arretino
