3367 5417
583 3535 606 3600 1

626 3558 665 3601 ο)

1845 430 1987 501 266

785 575 1048 651 Jbruma
1068 574 1355 631 dar-emm·
1366 569 1735 642 hominibus,
1758 575 1819 627 in
1844 574 1921 628 iis
1942 568 2118 629 rebus
2142 589 2206 627 se
2229 573 2402 626 vinci
2413 589 2599 647 posse
2623 591 2799 654 cuque
2816 577 3026 634 am‘mo

808 677 983 753 pati;
1012 694 1152 758 quse
1181 677 1308 750 ipsi
1344 671 1466 730 se‘bz'
1488 670 1763 730 homines
1784 690 2016 748 parare
2036 684 2309 747 possem,
2342 674 2404 726 ἱη
2437 674 2518 728 iis
2546 669 2729 729 rebus
2753 693 2822 732 se
2846 677 3020 732 vinci

795 778 932 850 pati
956 794 1076 831 non
1097 793 1305 850 posse.

883 873 1140 935 Sueton.
1178 874 1345 934 Nero
1379 893 1437 934 c.
1481 872 1556 932 2:
1607 872 1679 932 In
1719 869 1836 932 Cn.
1876 868 2214 931 Domitium
2253 866 2414 929 dixit
2458 865 2736 932 Licinius
2765 872 3016 932 Crassus

798 988 1035 1045 orator,
1064 971 1193 1031 Non
1218 992 1356 1033 esse
1382 971 1754 1040 mirandum,
1772 971 1938 1054 quod
1962 989 2202 1029 teneam
2234 968 2491 1027 barbam
2522 969 2789 1044 baberet,
2817 976 2917 1030 cui
2944 995 3014 1032 os

711 1069 714 1078 ’
777 1073 1088 1148 stem-eum,
1117 1090 1229 1129 cor
1247 1067 1601 1148 plumbeum
1629 1082 1809 1128 esset.

672 3532 713 3602 2

866 1254 1065 1287 amcam
1084 1234 1329 1300 barbam]
1346 1234 1446 1284 Cn.
1469 1232 1697 1286 Domitio
1714 1248 2004 1302 cognomen
2023 1241 2135 1282 crat
2153 1228 2561 1282 Ahenobarbus.

881 1380 1019 1444 Cic.
1044 1382 1140 1442 De
1161 1393 1324 1441 orat.
1341 1381 1400 1439 Π
1412 1421 1428 1449 ,
1451 1379 1557 1451 59,
1578 1376 1698 1438 242
1719 1397 1735 1436 t
1766 1376 1935 1437 Idem
1961 1373 2399 1437 Crassustl'er
2421 1388 2583 1433 tuam
2610 1373 3001 1442 nobilitatem,

787 1499 904 1556 por
928 1492 1197 1537 vestram
1204 1477 1538 1556 fizmilc'am
1542 1521 1562 1548 ,
1578 1496 1696 1554 pet·
1717 1488 1851 1532 tuas
1873 1488 2100 1532 statuas
2116 1472 2143 1531 .'

868 1640 1112 1708 Crassus]
1135 1642 1190 1692 in
1211 1639 1449 1692 oratione
1469 1651 1651 1691 contra
1672 1638 1986 1699 Domitium,
2010 1648 2071 1688 ut
2088 1636 2373 1689 Turnebus
2392 1637 2694 1707 suffic-atus
2712 1651 2813 1689 est.

1515 1847 1576 1915 7.
1625 1866 1840 1908 cot-<cio
1873 1867 1931 1909 m
1963 1865 2272 1907 munuum.
2356 1885 2361 1889 -

876 2053 1149 2114 Ellendt.
1173 2051 1584 2112 dissuasorem
1615 2049 1770 2128 legis
1795 2042 2077 2111 serviliae
2102 2047 2375 2130 appellat
2402 2049 2776 2111 Memmium.
2812 2050 2906 2112 De
2924 2049 2997 2112 C.

787 2150 1096 2220 MemmiO,
1121 2144 1528 2210 acerbissimo
1552 2144 1897 2207 nobilitatis
1921 2145 2300 2217 adversario,
2326 2164 2512 2226 supra
2538 2143 2830 2208 diximus,

869 2246 1008 2311 Cic.
1035 2250 1125 2308 De
1147 2258 1308 2307 orat.
1336 2248 1421 2319 11,
1449 2245 1553 2318 66,
1579 2246 1738 2306 267:
1775 2244 2034 2306 Crassus
2062 2243 2127 2304 in
2159 2245 2495 2306 concione:
2523 2249 2619 2305 Ita
2644 2245 2767 2304 sibi
2794 2249 2995 2324 ipsum

785 2363 1078 2424 magnum
1107 2342 1315 2399 videri
1340 2342 1744 2409 Anemmz'um,
1767 2355 1828 2399 ut
1856 2344 1918 2398 in
1929 2344 2159 2420 joram
2183 2341 2552 2400 descendens
2574 2358 2754 2421 caput
2775 2346 2863 2402 ad
2859 2345 3002 2423 sbr-

783 2446 984 2502 m'cem
1005 2438 1196 2501 Fabii
1221 2439 1578 2498 demitteret.

870 2542 966 2604 lh.
1003 2543 1094 2614 11,
1132 2543 1235 2616 59,
1273 2540 1434 2603 240:
1470 2541 1608 2601 Duo
1646 2552 1791 2598 sunt
1827 2540 2015 2599 etiam
2046 2559 2277 2618 genera
2308 2539 2703 2614 facetiarum,
2738 2561 2994 2623 quorum

782 2645 1046 2708 alterum
1069 2663 1142 2705 re
1163 2655 1492 2713 tractatur,
1520 2642 1784 2703 alterum
1808 2642 1996 2704 dicto,
2021 2643 2137 2714 Re,
2162 2640 2478 2721 siquando
2524 2639 2673 2724 quid
2701 2656 2989 2726 tauquam

782 2746 985 2828 aliqua
1015 2745 1244 2808 sabella
1274 2756 1594 2816 narratur,
1629 2756 1697 2804 ut
1726 2745 1873 2806 olim
1908 2757 1996 2817 tu,
2022 2742 2271 2819 Crasse,
2309 2743 2372 2804 iu
2405 2746 2759 2808 Memmium
2786 2768 2989 2807 come-

779 2847 941 2906 disse
967 2865 1107 2904 enm
1137 2844 1430 2903 lacertum
1452 2843 1697 2921 Larga,
1721 2862 1862 2903 cum
1894 2856 2056 2904 esset
2084 2861 2223 2903 cum
2255 2862 2329 2902 eo
2349 2842 2711 2907 Tarracinae
2739 2846 2818 2907 de
2847 2847 2993 2907 ami-

780 2941 922 3004 cula
947 2939 1207 3002 rixatus.
1242 2941 1418 3004 Salsa
1448 2960 1523 3002 ac
1547 2954 1759 3002 tamen
1790 2960 1827 3002 a
1857 2953 1919 3002 te
1947 2938 2080 3021 ipso
2113 2936 2259 2999 ficta
2291 2951 2420 3000 tota
2450 2942 2758 3004 narratio.
2806 2941 2988 3004 Addi-

776 3040 921 3101 disti
961 3039 1321 3110 clausulam,
1355 3050 1487 3104 tota
1513 3040 1858 3102 Tarracina
1900 3049 2029 3098 tum
2061 3036 2351 3099 omnibus
2389 3033 2456 3098 in
2498 3036 2855 3120 parietibus
2896 3037 2987 3100 in-

775 3136 1041 3220 scriptas
1069 3137 1252 3198 fuisse
1279 3135 1496 3198 literas
1554 3135 1859 3198 LLLMM.
1908 3136 2065 3196 Cum
2114 3156 2449 3218 quaerereS,
2496 3136 2555 3197 id
2598 3137 2742 3218 quid
2783 3150 2937 3198 esset
2960 3145 2981 3210 ,“

774 3261 987 3303 senem
1016 3237 1136 3301 tibi
1164 3239 1485 3320 quemdam
1513 3236 1894 3321 oppidanum
1923 3235 2147 3300 dixisse
2168 3238 2453 3299 :Lacerat
2476 3239 2768 3298 lacertum
2791 3238 2989 3318 Largi

776 3340 1039 3399 mordaci·
1066 3338 1392 3396 Memmius
1408 3335 1436 3396 .'

1259 3551 1325 3616 8.
1373 3570 1592 3615 cumo
1621 3571 1680 3611 m
1718 3571 1777 3612 1..
1804 3569 2086 3612 uncum
2114 3568 2466 3611 Pmm’ruu.

846 3769 1064 3834 Oratio
1107 3764 1176 3829 in
1216 3775 1435 3827 senatu
1462 3760 1677 3822 habita
1714 3758 2009 3826 adversus
2037 3756 2396 3839 Philippum
2439 3755 2755 3818 consulem
2790 3775 2851 3817 a.
2894 3759 2971 3822 U.

765 3874 911 3937 662.
961 3874 1035 3932 L.
1073 3868 1423 3950 Philippum
1462 3873 1915 3925 commemorat.
1952 3859 2182 3924 Cicero
2224 3861 2291 3920 in
2332 3859 2526 3926 Bruto
2570 3879 2628 3920 c.
2669 3857 2777 3933 45,
2812 3859 2965 3922 166:

765 3976 1033 4037 «Eodem
1063 3983 1342 4052 tempore
1372 3970 1453 4032 M.
1481 3961 1845 4026 Herennius
1869 3960 1935 4022 iu
1952 3960 2374 4022 mediocribus
2397 3958 2750 4022 oratoribus
2782 3960 2970 4022 latine

762 4086 825 4133 ct
852 4070 1188 4150 diligenter
1218 4063 1611 4148 loquentibus
1641 4071 2000 4122 numeratus
2029 4070 2142 4132 est,
2174 4053 2280 4137 qui
2306 4071 2511 4118 tamen
2534 4075 2771 4118 summa
2796 4056 2965 4120 nobi·

761 4172 933 4235 litate
971 4171 1307 4243 hominem,
1348 4162 1746 4246 cognatione,
1791 4159 2140 4235 sodalitate,
2185 4154 2470 4237 collegio,
2506 4177 2739 4220 summa
2776 4155 2962 4222 etiam

759 4270 1131 4353 eloquentia,
1158 4273 1228 4334 L.
1255 4265 1608 4348 Philippum
1636 4266 1699 4325 in
1724 4263 2079 4326 consulatus
2102 4262 2400 4341 petitione
2422 4260 2768 4341 superavit.
2800 4285 2825 4317 ι
