3367 5417
1846 445 1983 513 378

807 591 933 673 ptis
971 591 1050 652 ad
1085 602 1368 653 senatum
1413 586 1618 650 literis
1660 585 2032 658 declarasti,
2087 605 2203 665 ego
2238 587 2368 666 jam
2416 586 2519 646 bic
2562 585 2873 667 triumpho
2878 629 3010 646 .....

805 693 1011 774 Quum
1037 693 1301 754 maxime
1327 693 1460 752 baee
1486 709 1603 769 ego
1631 705 1874 750 mecam
1904 690 2240 767 agitabam,
2264 707 2405 749 cnm
2426 684 2707 748 orationi
2734 700 2851 746 ιω»,
2876 703 3019 746 snc-

807 794 990 856 cessit
1020 790 1324 855 Antonini
1356 791 1636 874 (fratris)
1675 787 1902 860 oratio,
1953 787 2015 849 di
2062 789 2243 850 boni!
2281 808 2467 868 quam
2496 787 2797 870 pulchra!
2833 807 3014 868 quam

805 912 955 954 vere
997 891 1226 953 multa!
1268 892 1451 973 plane
1488 884 1659 950 dicta
1696 888 1906 949 omnia
1948 899 2013 949 et
2056 887 2249 949 verba
2288 883 2642 960 delenifica,
2684 886 2918 967 pietate
2953 899 3017 945 et

805 989 926 1051 fide
948 1000 1013 1050 et
1032 1008 1242 1050 amore
1264 999 1329 1050 et
1350 986 1657 1048 desiderio
1683 984 1963 1046 dilibuta.
2001 985 2145 1046 Una
2176 982 2560 1046 mehercules
2589 997 2697 1043 tua
2726 983 3015 1064 epistula,

805 1106 927 1148 una
963 1083 1054 1147 tui
1094 1083 1305 1147 fratris
1347 1083 1423 1144 de
1472 1097 1531 1144 te
1572 1083 1817 1163 tuisque
1845 1077 2185 1143 virtutibus
2220 1077 2424 1142 oratio
2462 1077 2737 1141 nobilior
2775 1080 2855 1141 ad
2895 1081 3023 1160 glo-

806 1188 966 1249 riam
1004 1200 1069 1247 et
1110 1188 1188 1249 ad
1229 1199 1507 1268 posteros
1536 1183 1914 1248 celebratior
1943 1183 2095 1257 crit,
2131 1203 2314 1264 quam
2346 1181 2629 1264 plerique
2662 1183 3023 1264 principum

805 1281 1124 1369 triumphi.

859 1426 1084 1492 fratris]
1108 1424 1272 1476 Marci
1292 1422 1571 1476 Antonini.

889 1565 1121 1626 Fronto
1151 1561 1270 1644 Ep.
1296 1564 1370 1623 ad
1400 1563 1476 1620 Μ.
1507 1562 1661 1624 Caes.
1692 1561 1768 1633 V,
1810 1559 1882 1623 3:
1920 1559 2238 1632 Miserere,
2274 1571 2461 1620 unum
2488 1558 2756 1620 verbum
2785 1559 2859 1620 de
2884 1580 3021 1620 ora·

807 1668 978 1727 tione
1010 1663 1249 1740 ablega,
1277 1675 1340 1724 et
1370 1679 1597 1741 quaeso,
1627 1682 1706 1722 ne
1739 1681 2008 1741 unquam
2039 1681 2112 1721 eo
2144 1660 2364 1730 utaris,
2390 1659 2723 1719 dictionem
2748 1679 2862 1740 pro
2885 1682 3019 1719 ora.

807 1769 993 1824 te‘one.
1019 1761 1196 1824 Vale.

894 1862 1063 1923 Idem
1094 1857 1204 1940 Ep.
1236 1858 1312 1920 ad
1345 1857 1728 1919 Antoninum
1762 1858 1812 1931 Ῑ,
1844 1855 1917 1918 2:
1966 1856 2262 1917 Proximo
2305 1868 2554 1932 senatu,
2594 1879 2736 1918 cum
2765 1859 3019 1943 Cyzice-

811 1980 1031 2023 norum
1055 1978 1310 2040 gravem
1341 1976 1587 2019 cansam
1615 1976 2159 2028 commmomrcs‚
2196 1956 2284 2020 ita
2308 1962 2651 2019 orationem
2684 1972 2849 2021 tuam
2876 1959 3023 2038 fign-

812 2057 987 2135 rasti,
1027 2079 1212 2140 quam
1251 2056 1516 2136 figuram
1551 2054 1763 2120 Graeci
1790 2067 2077 2138 παράλειψιν
2108 2055 2446 2136 appellant,
2488 2070 2557 2117 ut
2594 2060 3024 2136 praten-eundo

811 2174 1022 2222 tamen
1051 2155 1292 2222 diceres
1319 2172 1385 2224 et
1410 2159 1676 2222 dicendo
1706 2169 1915 2219 tamen
1945 2157 2322 2237 praeterires.
2366 2155 2443 2218 ln
2469 2176 2592 2237 qno
2621 2159 2814 2221 malta
2845 2160 3026 2220 simul

810 2260 1117 2323 laudanda
1143 2271 1322 2321 sunta
1355 2260 1626 2341 primum
1651 2259 1773 2321 hoc
1805 2271 1866 2318 te
1895 2258 2247 2320 doctissime
2274 2259 2684 2339 perspexisse,
2713 2261 3024 2322 sociorum

813 2375 1038 2436 graves
1063 2374 1369 2418 aerumnas
1400 2374 1526 2418 non
1555 2367 1856 2435 perpetua
1887 2374 2088 2434 neque
2125 2368 2297 2418 recta
2335 2368 2442 2416 aut
2476 2357 2709 2436 prolixa
2738 2356 3025 2420 oratione

814 2456 1299 2534 exaggerandas»,
1323 2454 1691 2516 indicandas
1711 2467 1919 2515 tamen
1949 2474 2083 2515 esse
2111 2455 2470 2537 impe11siu5‚
2497 2468 2566 2517 ut
2587 2457 2753 2536 digni
2773 2470 3026 2520 senatus

816 2555 1246 2621 misericordia
1296 2570 1362 2618 et
1412 2556 1640 2620 auxilio
1691 2553 2076 2618 viderentur.
2137 2555 2384 2621 Deinde
2428 2561 2519 2622 ita
2567 2559 2847 2621 breviter
2890 2580 3021 2623 rem

815 2678 1062 2721 omnem
1090 2670 1272 2738 atque
1299 2653 1391 2719 ita
1410 2657 1615 2720 valide
1641 2653 1918 2719 elocutus
1946 2677 2031 2730 es,
2058 2668 2129 2719 ut
2150 2660 2543 2740 paucissimis
2559 2656 2770 2723 verbis
2790 2663 3017 2734 omnia,

816 2777 949 2838 quae
988 2776 1093 2818 res
1134 2767 1442 2837 posceret,
1487 2753 2041 2818 continerentur...
2097 2757 2168 2815 ln
2212 2753 2499 2818 oratione
2543 2770 2649 2819 tua
2687 2756 3020 2841 Cyzicena,

817 2871 957 2916 cum
981 2853 1128 2915 deos
1155 2853 1543 2934 precaveris:
1576 2847 1682 2925 Et,
1715 2853 1901 2933 sifizs
1926 2866 2040 2926 est,
2068 2849 2343 2926 obsecro,
2368 2849 2695 2931 addidisti;
2723 2858 2887 2936 quod
2912 2876 3023 2936 ego

819 2973 917 3015 me
947 2971 1071 3015 non
1102 2950 1359 3013 memini
1386 2947 1648 3030 legisse:
1676 2947 1994 3010 obsecrari
2019 2951 2185 3012 enim
2216 2964 2278 3011 et
2307 2957 2611 3012 resecr-ari
2636 2954 2897 3036 populus
2926 2966 3024 3017 aut

813 3045 1059 3133 judices
1087 3047 1394 3112 solebant.

896 3183 1285 3250 Cyzicenorum]
1316 3181 1483 3233 oratio
1508 3181 1573 3234 de
1600 3193 1752 3234 terre
1780 3194 1948 3245 motu,
1986 3200 2092 3252 quo
2118 3184 2349 3254 Cyzicus
2375 3199 2633 3238 concussa
2658 3199 2757 3238 est.
2792 3186 2861 3238 V.
2890 3189 3007 3256 Aug

960 3269 1070 3321 Mai
1090 3281 1289 3328 notam,
1308 3287 1363 3339 p.
1393 3268 1483 3319 147
1498 3309 1508 3320 .

887 3381 1079 3453 Sisas]
1115 3383 1188 3435 Ea
1229 3382 1519 3447 locutione,
1561 3387 1607 3435 si
1626 3385 1732 3450 fas
1769 3384 1994 3446 obsecro,
2042 3381 2250 3435 Marcus
2293 3384 2527 3437 imitatus
2571 3384 2743 3437 fuerat
2783 3385 3027 3440 Plautum

961 3464 1149 3519 Bacch.
1173 3465 1267 3528 IV,
1291 3467 1342 3526 9,
1367 3465 1486 3518 ¹02.
1505 3462 1650 3520 Mai.

903 3594 1138 3654 Fronto
1167 3592 1262 3652 De
1290 3591 1673 3653 orationibus
1695 3590 2018 3654 Antonino
2048 3593 2323 3672 Augusto
2351 3613 2416 3675 p.
2443 3593 2602 3657 2452
2633 3594 2942 3676 Pleraque
2964 3597 3027 3656 in

816 3690 1103 3753 oratione
1140 3687 1384 3749 recenti
1423 3701 1558 3762 tua,
1596 3688 1759 3770 quod
1798 3689 1877 3752 ad
1908 3690 2255 3753 sententias
2291 3686 2549 3762 attinet,
2597 3688 3030 3754 animadverto

620 3783 764 3856 260
813 3786 1066 3867 egregia
1090 3805 1248 3859 esse,
1279 3805 1479 3866 pauca
1509 3786 1835 3850 admodum
1862 3803 1986 3848 uno
2016 3798 2200 3852 teum
2227 3788 2422 3850 verbo
2450 3787 2847 3866 corrigenda,
2876 3810 3028 3852 non-

819 3885 973 3950 nihil
995 3884 1310 3948 interdum
1331 3883 1683 3948 elocutione
1707 3882 1957 3950 novella
1978 3899 2199 3965 parum
2223 3885 2558 3963 signatum.

901 3983 1137 4053 Oratio,
1160 4000 1349 4064 quam
1377 3980 1642 4039 vixdum
1659 3985 2003 4058 pueritiam
2034 3999 2317 4062 egressas
2341 3983 2690 4070 Antoninus
2722 3986 2789 4040 ιίι
2819 3996 3029 4042 senatu

817 4083 1041 4153 habuit,
1066 4101 1104 4143 a
1127 4084 1444 4144 Frontone
1463 4081 1752 4144 laudatur
1781 4082 1845 4143 in
1868 4081 2066 4163 Epist.
2093 4084 2173 4144 ad
2193 4081 2494 4144 Antbuin.
2518 4084 2569 4156 1,
2594 4083 2655 4144 2.

901 4180 1130 4241 Fronto
1155 4180 1270 4261 Ep.
1300 4179 1377 4238 ad
1403 4178 1747 4240 Antonium
1769 4180 1819 4254 1,
1851 4179 1925 4240 2:
1964 4179 2090 4258 Ego
2121 4193 2258 4240 cum
2293 4180 2359 4240 in
2391 4180 2615 4241 vestris
2643 4178 3019 4242 orationibm

815 4275 1051 4357 (Marci
1100 4289 1164 4337 et
1200 4276 1350 4338 Veri
1397 4276 1700 4346 fratrum)
1747 4277 2006 4355 vestigia
2061 4291 2284 4342 nostrae
2328 4290 2510 4340 sectae
2558 4276 3017 4348 animadverto,
