3367 5417
1810 428 1943 499 264

777 573 946 634 tione
967 580 1165 654 potest
1189 565 1478 647 intelligi,
1504 583 1642 628 cum
1669 565 1757 626 ita
1777 576 2015 626 structa
2037 561 2228 626 verba
2253 575 2419 640 sunt,
2448 576 2516 626 ut
2540 581 2833 628 numerus
2855 587 2982 631 non

775 670 1084 751 quaesituS,
1108 668 1214 730 sed
1244 667 1373 750 ipse
1399 676 1648 728 secutus
1671 684 1808 734 esse
1832 663 2139 739 videatur,
2180 674 2251 723 ut
2275 664 2439 744 apud
2470 662 2792 727 Crassum:
2818 669 2981 728 Nam

774 769 878 828 uba·
895 766 1097 827 lubido
1121 767 1484 834 donu’natur,
1509 765 1875 823 innocentia·
1897 760 2025 820 leve
2036 761 2402 841 pnesidc‘um
2420 774 2535 822 ese.

839 927 986 998 opud
1007 923 1284 990 Crassum]
1303 921 1357 978 id
1381 921 1735 994 fragmentum
1748 938 1816 978 ex
1832 919 2081 974 suasione
2098 918 2237 991 legis
2251 918 2491 974 Serviliae
2506 922 2733 993 petitum
2749 922 2977 976 videtur.

909 1007 1153 1062 Cohaeret
1185 1005 1329 1058 enim
1367 1023 1490 1058 cum
1524 1003 1661 1058 illo:
1693 1004 1895 1080 Eripite
1929 1022 2024 1056 nos
2055 1021 2123 1055 ex
2157 1007 2393 1068 ηιὺετίίε,
2429 1007 2610 1076 eripite
2645 1024 2710 1056 ex
2724 1006 2978 1075 saucibus

907 1116 1108 1161 eorum,
1145 1113 1368 1168 quorum
1400 1091 1683 1147 crudelitas
1718 1105 1892 1146 nostro
1927 1095 2180 1164 sanguine
2218 1089 2323 1144 non
2355 1103 2526 1162 potest
2561 1092 2765 1164 expleri
2778 1120 2790 1144 ι
2826 1094 2982 1148 nolite

908 1189 1078 1237 sinere
1101 1203 1195 1235 nos
1216 1186 1454 1255 cuiquam
1487 1184 1671 1233 servire
1706 1184 1809 1233 nisi
1839 1181 1989 1233 vobis
2021 1181 2293 1242 universis,
2327 1181 2522 1251 quibus
2551 1192 2604 1232 et
2627 1199 2905 1251 possumus
2933 1193 2983 1235 et

910 1271 1174 1322 debemus.
1200 1267 1350 1321 R‘am
1375 1270 1470 1320 ubi
1485 1267 1661 1320 lubt'do
1687 1267 2007 1330 dominatur,
2034 1265 2339 1318 innocentio.
2364 1265 2470 1319 leve
2486 1269 2787 1337 proea’cr't‘um
2806 1281 2979 1322 esa—-

906 1354 1135 1406 Crassus
1167 1351 1258 1405 bic
1292 1351 1564 1422 equitibus
1598 1350 1855 1404 Romanis
1888 1347 2261 1402 crudelitate:-
2295 1360 2353 1401 et
2393 1347 2675 1402 libidinem
2708 1350 2772 1403 iu
2804 1352 2980 1405 causis

907 1432 1266 1507 dijudicandis
1310 1431 1521 1506 objicit.
1569 1432 1719 1488 Idem
1758 1432 2060 1505 exemplum
2103 1431 2244 1504 apud
2280 1431 2523 1502 Quintil.
2565 1433 2678 1498 IX,
2730 1434 2799 1499 4,
2850 1438 2979 1500 109,

909 1517 1158 1591 legimus.

769 1667 806 1686 “
861 1667 1174 1763 [Fortasse
1216 1669 1285 1733 iu
1322 1668 1705 1743 Memmium,
1756 1668 1912 1749 legis
1969 1665 2415 1741 dissuasorem,
2458 1668 2628 1733 dieta
2672 1685 2817 1735 sunt
2857 1672 2975 1738 hac

766 1772 1096 1836 occasione
1122 1786 1258 1851 quoe
1287 1768 1578 1849 leguntur
1604 1788 1707 1850 ap.
1731 1764 1871 1831 Cic.
1902 1767 2001 1829 De
2031 1779 2193 1830 orat.
2226 1767 2314 1840 11,
2358 1769 2441 1832 59
2476 1781 2542 1831 et
2573 1770 2680 1833 66.
2716 1769 2973 1836 Ellendt.
3026 1795 3031 1800 ·

767 1855 1430 2034 v·(¹31ig.xl{rt¹1t5.1c{li4,
1461 1961 1576 2024 164
1602 1982 1618 2021 =
1654 1956 1807 2021 Mihi
1839 1959 2088 2041 quidem
2119 1981 2153 2022 a
2186 1958 2455 2044 pueritia
2484 1961 2660 2043 quasi
2687 1965 2977 2046 magistra

769 2065 886 2127 fuit
906 2063 1013 2127 illa
1041 2062 1107 2125 iu
1137 2064 1334 2145 legem
1358 2057 1671 2147 Coepiouis
1695 2061 1900 2125 oratio
1921 2057 1989 2144 (i.
2012 2080 2070 2122 e.
2093 2061 2203 2123 illa
2224 2059 2383 2142 legis
2401 2061 2686 2125 Serviliae
2704 2064 2937 2150 Suasio)
2956 2090 2972 2130 τ

579 2154 716 2228 150
771 2164 836 2227 in
868 2185 989 2247 qua
1017 2175 1083 2225 et
1109 2160 1449 2226 auctoritas
1476 2174 1740 2224 ornatur
1766 2173 2035 2233 senatus,
2063 2181 2184 2242 quo
2220 2181 2335 2245 pro
2372 2162 2594 2226 ordine
2621 2164 2731 2227 illa
2766 2166 2977 2230 dicun-

779 2276 903 2340 tur,
922 2277 986 2326 et
1003 2261 1242 2324 invidia
1258 2261 1611 2324 concitatur
1625 2261 1694 2323 in
1706 2261 1986 2347 judicum
2007 2272 2073 2324 et
2090 2260 2157 2323 in
2173 2274 2601 2325 accusatorum
2617 2262 2973 2344 factionem,

773 2373 995 2426 contra
1024 2379 1283 2443 quorum
1309 2356 1649 2442 potentiam
1678 2358 2068 2443 populariter
2096 2371 2226 2421 tum
2255 2360 2582 2424 dicendum
2610 2361 2749 2423 fuit.
2782 2364 2976 2429 Multa

773 2460 842 2524 in
879 2460 993 2528 illa
1037 2461 1319 2552 oratione
1361 2456 1664 2541 graviter,
1713 2459 1908 2523 multa
1950 2460 2201 2538 leniter,
2250 2462 2444 2526 multa
2487 2482 2739 2548 aspere,
2783 2465 2979 2530 multa

770 2563 966 2626 facete
994 2562 1157 2646 dicta
1189 2572 1333 2623 sunt
1358 2585 1376 2620 ε
1420 2561 1600 2643 plura
1627 2558 1820 2624 etiam
1848 2559 2015 2625 dicta
2044 2580 2229 2643 quam
2256 2561 2514 2645 scripta,
2551 2565 2713 2645 quod
2740 2586 2817 2628 ex
2844 2567 2976 2649 qui-

767 2666 1030 2728 busdam
1059 2659 1369 2748 capitibus
1407 2658 1709 2747 expositis
1748 2683 1865 2726 uec
1899 2662 2227 2746 explicatis
2256 2663 2526 2745 intelligi
2554 2677 2760 2748 potest
2789 2665 2872 2750 (i.
2909 2687 2966 2730 e.

771 2782 898 2826 non
925 2774 1054 2824 tota
1084 2760 1287 2850 oratio
1315 2772 1540 2835 exstat,
1573 2760 1681 2822 sed
1709 2758 1891 2841 plura
1922 2759 2128 2844 capita
2166 2757 2301 2842 ejus
2341 2759 2498 2823 verb
2584 2774 2826 2825 tantum
2864 2783 2968 2827 uo·

769 2873 925 2935 tata,
949 2861 1078 2925 non'
1105 2857 1381 2923 oratorie
1408 2859 1715 2944 explicata
1747 2860 1934 2942 sunt).

859 2958 1040 3050 [Quae
1067 2961 1232 3044 apud
1261 2963 1519 3025 Auctor.
1562 2961 1641 3021 ad
1682 2962 1966 3023 Hereuu.
1998 2961 2109 3036 lv,
2151 2959 2254 3036 22,
2296 2949 2553 3024 exstant
2584 2963 2782 3027 verba
2810 2966 2975 3029 haud

765 3062 981 3137 multa,
1007 3080 1085 3124 ex
1113 3062 1230 3124 hac
1257 3059 1543 3124 suasione
1572 3056 1771 3141 petita
1800 3058 2061 3122 dixerim
2080 3084 2098 3118 ε
2124 3060 2361 3120 Demus
2389 3079 2647 3140 operam
2679 3064 2972 3146 Quirites,

764 3181 900 3246 sqq.
948 3164 1259 3226 Praeterea
1288 3173 1812 3224 commemoratur
1846 3159 1979 3222 haec
2017 3157 2217 3222 suasio
2253 3181 2289 3220 a
2318 3157 2457 3223 Cic.
2488 3160 2586 3222 De
2616 3163 2866 3225 Iuveut.
2898 3157 2965 3238 ’1,

767 3257 875 3337 49,
900 3258 1018 3337 923
1047 3259 1227 3321 Brut.
1251 3278 1309 3321 c.
1333 3251 1441 3334 86,
1479 3256 1642 3332 296;
1671 3259 1769 3320 De
1800 3267 1965 3319 orat.
1994 3257 2081 3328 11,
2110 3258 2216 3332 55,
2241 3255 2389 3319 223.
2436 3257 2746 3321 Perlatam
2772 3259 2971 3341 legem

762 3378 891 3423 nou
914 3360 1203 3433 dixerim,
1225 3376 1341 3420 nec
1360 3379 1394 3420 a
1414 3356 1680 3421 Servilio
1698 3354 1965 3423 Glaucia
1984 3357 2200 3441 paucis
2218 3354 2403 3421 annis
2418 3372 2561 3440 post
2579 3359 2967 3441 abrogatam,

763 3460 843 3521 ad
860 3478 1044 3541 quam
1061 3457 1434 3519 senteutiam
1444 3456 1717 3519 inclinat
1730 3459 1981 3520 Ernest.
1999 3455 2065 3520 iu
2082 3456 2299 3520 Iudice
2312 3455 2964 3536 legumCieerouiano.

761 3557 930 3620 Nam·
950 3568 1284 3639 patronum
1314 3566 1565 3618 senatus
1589 3552 1722 3637 jam
1749 3553 1831 3617 ob
1861 3554 2051 3618 lotam
2083 3555 2282 3636 legem
2310 3554 2439 3619 dici
2464 3556 2821 3639 effipiam
2861 3579 2965 3642 po·

765 3654 955 3720 tuisse
984 3657 1194 3720 credo.
1220 3647 1519 3742 Ellendt]

1345 3903 1354 3912 .
1418 3859 1480 3920 5.
1530 3876 1752 3920 onum
1781 3878 1895 3921 rao
1920 3879 1982 3932 Q.
2006 3878 2302 3923 emmona.

845 4051 985 4116 Cic.
1012 4052 1186 4114 Brut.
1210 4069 1269 4111 c.
1292 4047 1402 4126 44,
1427 4048 1546 4113 162
1570 4073 1588 4108 ε
1619 4047 1748 4112 Sed
1768 4062 1865 4112 est
1882 4048 2068 4112 etiam
2089 4052 2163 4112 L.
2180 4050 2392 4114 Crassi
2415 4048 2483 4113 in
2506 4051 2832 4116 consulatu
2851 4073 2961 4136 pro

759 4151 845 4234 Q.
880 4148 1171 4233 Caepione
1209 4147 1486 4211 defensio
1516 4146 1737 4229 juncta
1758 4190 1774 4220 ,
1817 4167 1943 4212 non
1971 4145 2187 4214 brevis
2223 4161 2293 4212 ut
2330 4149 2636 4225 laudatio3
2668 4164 2741 4213 ut
2767 4151 2959 4215 oratio

763 4261 990 4327 autem,
1013 4248 1250 4312 brevis.
