3367 5417
595 2538 726 2623 176

1791 455 1931 528 292

852 600 1031 662 serv.
1056 594 1362 679 Sulpicius
1389 596 1464 656 L.
1495 597 1820 656 Illurenam
1846 593 2116 654 ambitus
2142 598 2470 667 accusavit,
2508 592 2816 657 Cicerone
2857 595 2959 656 de·

766 702 1053 762 fendente
1078 720 1136 760 a.
1157 700 1240 766 U.
1261 699 1409 761 690.
1521 743 1530 756 .

849 796 1112 879 Quintil.
1140 798 1222 870 X,
1250 797 1313 871 7,
1338 795 1454 857 30:
1491 795 1806 855 Feruntur
1833 793 2094 855 aliorum
2124 810 2365 874 quoque
2393 797 2864 867 commentarii,
2896 806 2963 855 et

765 899 1008 960 inventi
1035 897 1196 959 forte
1213 943 1229 972 ,
1259 898 1333 959 u't
1358 915 1464 960 eos
1489 894 1771 957 dicturus
1796 891 2058 976 quisque
2091 904 2553 976 composuerat,
2584 891 2740 954 etin
2767 891 2965 957 libros

767 991 989 1073 digesti
1010 1016 1028 1053 ε
1060 1005 1129 1056 ut
1169 1011 1520 1067 causarum,
1563 1009 1697 1071 quae
1736 1002 1885 1053 sunt
1924 1000 2082 1052 aene
2120 1009 2156 1051 a
2197 989 2415 1050 Servio
2451 986 2752 1067 Sulpicio,
2792 989 2967 1072 cujus

766 1105 895 1155 tres
917 1093 1234 1155 orationes
1255 1103 1537 1165 exstant3
1572 1091 1679 1151 sed
1709 1090 1777 1150 hi
1804 1090 1879 1150 de
1906 1089 2125 1170 quibus
2150 1089 2391 1170 loquor,
2413 1089 2849 1150 commentarii
2876 1090 2967 1152 ita

766 1202 911 1251 sunt
938 1190 1163 1268 eneti,
1198 1201 1268 1250 ut
1296 1189 1376 1250 ab
1403 1188 1536 1269 ipso
1563 1187 1719 1248 mihi
1745 1183 1814 1247 in
1838 1183 2210 1249 memoriam
2234 1183 2617 1268 posteritatis
2633 1187 2969 1249 videantur

768 1288 1272 1371 essecompositi.
1307 1282 1626 1372 [nequis.
1654 1307 1719 1347 v.
1745 1285 2114 1351 Schneider.
2140 1286 2186 1348 1.
2210 1303 2272 1347 c.
2297 1303 2361 1368 p.
2389 1279 2621 1373 64sq.]

852 1391 1098 1452 Festus·
1080 1387 1344 1450 morbo.
1352 1389 1631 1452 §erui-s
1650 1384 1983 1475 [sulpicius
1996 1388 2118 1449 aith
2134 1385 2524 1471 quoeteboms
2539 1407 2709 1469 quasa
2704 1383 2831 1476 '0c]
2843 1385 2972 1447 ulos

769 1491 926 1551 orba
949 1503 1043 1552 est
1047 1535 1174 1552 .....
1203 1493 1312 1550 tris
1336 1505 1430 1551 est
1452 1501 1644 1551 ame..

843 1624 1045 1678 Servius
1062 1625 1342 1696 Sulpicius]
1361 1622 2021 1696 stragmentunivideturex
2044 1620 2195 1674 libris
2215 1619 2313 1672 de
2292 1639 2416 1692 Jure
2437 1622 2516 1673 civ
2489 1621 2601 1674 vili.

1359 1801 1549 1871 LXI.
1609 1800 1693 1872 C.
1735 1801 2070 1872 Licinius
2109 1801 2387 1871 Macer.

858 2009 994 2071 Cic.
1021 2011 1196 2069 Brut.
1227 2029 1286 2070 c.
1313 2008 1421 2082 67,
1445 2006 1607 2070 238:
1639 2006 1712 2070 C.
1742 2005 1955 2068 Macer
1984 2003 2356 2069 auctoritate
2386 2011 2633 2086 semper
2660 2005 2849 2085 eguit,
2874 2009 2978 2069 sed

778 2105 892 2169 fuit
920 2121 1219 2191 patronus
1247 2108 1688 2189 propemodum
1720 2105 2246 2184 diligentissimus.
2281 2104 2479 2187 Hujus
2504 2105 2557 2166 si
2587 2104 2741 2181 vita,
2769 2103 2823 2167 si
2851 2126 2977 2168 mo-

779 2223 911 2275 res,
960 2203 1012 2265 si
1056 2205 1264 2265 vultus
1305 2198 1571 2283 denique
1623 2219 1747 2264 non
1799 2221 2045 2264 omnem
2097 2201 2701 2265 commendationem
2742 2200 2981 2282 ingenii

780 2310 1116 2372 everteret,
1152 2298 1349 2379 majus
1380 2317 1604 2359 nomen
1632 2297 1700 2358 in
1729 2299 2006 2380 patronis
2028 2295 2267 2360 fuisset.
2300 2299 2438 2361 Non
2465 2311 2603 2360 erat
2634 2297 2976 2375 abundans,

783 2414 908 2457 non
938 2396 1118 2476 inops
1147 2407 1389 2468 tamen3
1424 2413 1550 2457 non
1577 2395 1759 2457 valde
1789 2392 2019 2467 nitens,
2056 2413 2186 2457 non
2226 2398 2411 2478 plane
2446 2395 2705 2459 horrida
2741 2398 2979 2472 oratio;

783 2511 926 2568 vox,
951 2503 1155 2570 gestus
1183 2503 1248 2552 et
1275 2492 1477 2553 omnis
1503 2493 1669 2554 actio
1694 2492 1832 2554 sine
1857 2491 2090 2575 lepore,
2126 2502 2192 2552 at
2220 2493 2287 2553 in
2318 2491 2714 2554 inveniendis
2743 2513 2984 2575 compo·

784 2587 1126 2669 uendisque
1153 2587 1341 2650 rebus
1367 2588 1527 2649 mira
1558 2588 1900 2662 accuratio,
1934 2600 2002 2649 ut
2029 2605 2155 2649 non
2186 2584 2371 2651 facile
2395 2587 2462 2650 in
2487 2587 2612 2649 ullo
2640 2588 2985 2669 diligentio-

785 2709 919 2751 rem
959 2688 1383 2770 majoremque
1418 2688 1841 2767 cognoverim,
1885 2689 1993 2750 sed
2031 2706 2170 2750 eam
2212 2701 2282 2748 ut
2323 2689 2507 2751 citius
2543 2685 2984 2752 veteratoriam

783 2810 965 2871 qnam
1004 2789 1346 2853 oratoriam
1381 2785 1648 2851 diceres.

869 2891 1042 2952 Idem
1073 2889 1408 2953 Annalium
1442 2891 1712 2974 scriptor
1739 2885 1874 2949 suit.
1910 2887 2132 2951 Cicero
2164 2890 2260 2954 De
2287 2891 2447 2969 legg.
2483 2889 2539 2965 1,
2570 2890 2642 2951 2:
2670 2889 2839 2971 Quid
2861 2892 2986 2954 Ma·

785 3007 963 3050 crum
992 2984 1354 3049 numerem?
1384 2987 1557 3071 cujus
1583 2986 1924 3074 loquacitas
1948 2985 2138 3048 habet
2169 2987 2399 3068 aliquid
2429 2988 2846 3067 argutiarum
2873 3009 2988 3051 nec

782 3090 847 3150 id
894 3100 1102 3152 tamen
1150 3108 1229 3151 ex
1272 3088 1380 3151 illa
1425 3089 1666 3152 erudita
1718 3089 2082 3154 Graecorum
2129 3088 2346 3170 copia,
2380 3089 2487 3150 sed
2520 3109 2600 3154 ex
2651 3087 2990 3152 librariolis

783 3185 1061 3264 Latinis3
1109 3191 1176 3252 in
1216 3190 1600 3253 orationibus
1638 3202 1845 3252 autem
1889 3189 2112 3252 multas
2153 3190 2441 3272 ineptias,
2472 3189 2662 3252 elatio
2687 3210 2983 3253 simmam

783 3285 1251 3370 impudentiam.
1275 3283 1384 3372 [V.
1402 3286 1899 3350 Krausiumvitt.
1915 3301 1980 3348 et
1995 3287 2074 3348 fr.
2086 3286 2229 3349 hist.
2216 3307 2312 3370 ..p
2297 3286 2451 3349 234
2464 3303 2629 3370 sqq.;
2612 3288 2986 3414 ·Weichert.

784 3390 849 3449 in
873 3385 1178 3474 Reliquiis
1194 3399 1437 3470 poetar.
1462 3405 1524 3470 p.
1551 3389 1814 3451 92-105.
1822 3383 1851 3474 ]

871 3485 1136 3548 Restant
1161 3485 1279 3546 duo
1307 3497 1547 3547 tantum
1570 3485 1913 3566 fragmenta
1939 3505 2014 3548 ex
2036 3485 2234 3547 Macri
2257 3481 2659 3547 oratiombus.

870 3586 1177 3651 Priscian.
1197 3585 1280 3662 X,
1298 3587 1360 3666 7,
1383 3607 1450 3669 p.
1466 3586 1623 3654 502:
1658 3586 1882 3657 Ver-ro,
1898 3590 2093 3657 verri,
2115 3587 2274 3668 quod
2293 3596 2357 3647 et
2374 3605 2519 3650 usus
2540 3587 2983 3670 comprobat...

786 3685 1063 3748 Licinius
1083 3686 1295 3750 Macer
1307 3683 1444 3746 Pro
1466 3682 1687 3748 Tuscis
1702 3710 1724 3744 .-
1757 3685 1926 3766 Quos
1945 3688 2207 3763 oportuit
2225 3689 2457 3746 amissa
2474 3688 2815 3757 restituere,
2832 3682 2991 3743 hisco

783 3788 980 3844 etlam
1010 3784 1293 3868 reliquias
1315 3800 1692 3845 avet-rerum.

860 3915 1015 3981 hisce]
1035 3915 1244 3977 Tuscis,
1267 3913 1359 3984 qui
1381 3914 1437 3964 in
1451 3909 1656 3984 judicio
1677 3914 1913 3966 aderant.

874 4040 1153 4103 Diomed.
1199 4042 1265 4114 1,
1308 4059 1371 4121 p.
1416 4040 1572 4104 366:
1606 4038 1892 4122 Negligo,
1937 4039 2213 4118 neglexi,
2260 4040 2367 4101 sed
2413 4009 2715 4099 ‘AEmilius
2741 4040 2982 4101 Macer:

793 4143 1080 4202 Omnium
1109 4156 1378 4203 vestrum
1405 4144 1739 4222 negleget-it
1769 4143 2217 4202 auctoritatem.

875 4276 1113 4329 AEmilius
1139 4277 1348 4342 Macer]
1383 4276 1664 4348 legendum
1691 4276 1910 4330 sortasse
1940 4276 2163 4330 Licinius
2190 4279 2396 4334 Macer.
2442 4279 2594 4330 Nun(-
2624 4278 2774 4330 video
2799 4295 2981 4349 praeoc-
