3367 5417
1842 432 1932 505 38

800 569 1209 636 clarissimum
1228 582 1535 651 quaestura
1558 571 1790 637 Asiana
1819 573 2250 638 dommentnm
2275 571 2466 646 dedit.
2517 571 2632 638 aab
2667 572 2756 657 Q.
2786 573 2999 640 uncio

800 680 1362 750 pmpraetoregesta
1380 689 1443 730 a.
1471 670 1615 732 632.
1644 669 1958 751 Quoniam
1986 670 2155 733 enim
2180 689 2321 732 cum
2346 669 2489 741 hoc,
2509 682 2582 732 ut
2600 668 3000 736 refertas-20-

805 770 1214 834 niusadDiv.
1246 771 1315 834 in
1352 771 1559 835 Caecil.
1593 772 1758 852 557,
1797 790 1858 853 p.
1916 771 2036 836 123
2067 773 2167 836 ed
2199 771 2998 846 Oceli-‚oomenoera1¹,oe

801 866 948 948 quid
966 868 1281 951 publicani
1302 881 1562 948 agerent
1584 870 1653 932 in
1672 869 2026 952 provincia,
2053 882 2120 934 et
2157 870 2322 932 banc
2348 868 2648 934 invidiam
2675 870 2998 948 legatione

798 979 937 1049 post
957 968 1335 1034 consulatum
1357 967 1473 1030 sub
1494 968 1697 1032 altero
1723 970 1808 1052 Q
1827 968 2103 1034 Scaevola
2129 981 2393 1050 pretore
2411 979 2586 1046 gesta
2610 967 2994 1047 iteraverat,

796 1064 1339 1132 innocentissimus
1371 1063 1641 1130 omnium
1691 1065 2130 1131 scelestismmis
2168 1065 2522 1130 hominibus
2558 1077 2774 1147 poenas
2800 1067 2995 1130 dedit.

799 1163 897 1224 De
921 1181 1044 1242 qua
1064 1183 1245 1228 cansa
1261 1175 1402 1246 post
1418 1165 1815 1230 disseremus
1834 1166 2145 1232 Tribunus
2162 1165 2388 1230 deinde
2411 1164 2610 1247 plebis
2619 1163 2737 1230 ruit
2756 1185 2895 1232 oum
2912 1167 2992 1231 C·

796 1258 1009 1322 Flavio
1034 1258 1312 1322 Fimbria
1336 1281 1397 1324 a.
1425 1260 1570 1336 638,
1594 1282 1764 1326 anno
1791 1263 2002 1345 priore
2015 1263 2293 1344 repulsus
2309 1267 2335 1339 (
2351 1261 2487 1326 Cic.
2510 1262 2733 1326 Plano.
2749 1282 2814 1325 c.
2845 1263 2993 1342 21).

797 1359 989 1422 Errat
1025 1361 1438 1428 Schneiderns
1474 1363 1540 1424 in
1574 1364 1770 1444 Epist.
1806 1366 1883 1428 ad
1928 1366 2281 1442 langorum
2311 1410 2327 1438 ‚
2367 1362 2680 1444 praemissa
2726 1365 2921 1427 Bruto
2957 1384 2997 1427 a

799 1457 1104 1522 Wetzelio
1123 1459 1310 1534 edito,
1343 1479 1409 1541 p.
1455 1457 1694 1522 xxvn
1713 1503 1731 1534 ‚
1763 1479 1905 1522 cum
1929 1460 2249 1523 uribunum
2277 1461 2474 1543 plebis
2500 1481 2560 1523 a.
2595 1460 2740 1533 616,
2773 1461 2996 1542 etjam

795 1554 1187 1620 uibunitium
1220 1557 1387 1620 bello
1413 1559 1795 1624 Numantino
1822 1559 2083 1628 militem
2120 1558 2270 1622 facit
2303 1577 2382 1622 ex
2409 1559 2548 1626 Cio.
2579 1559 2674 1623 De
2718 1572 2879 1622 orat.
2924 1561 2994 1632 1,

796 1652 905 1726 4⁰,
945 1652 1053 1714 ubi
1094 1656 1168 1717 P.
1200 1656 1468 1722 Rutilius
1494 1659 1582 1719 Μ.
1632 1657 1712 1718 F.
1752 1656 2053 1738 scriptum
2090 1668 2312 1722 exstat.
2350 1658 2694 1718 Prmturam
2722 1675 2782 1717 a.
2829 1656 2994 1731 642,

794 1753 1175 1816 conadam
1201 1771 1344 1816 cum
1371 1754 1493 1818 Cn.
1524 1755 1758 1818 Manlio
1795 1756 2062 1818 Maximo
2090 1774 2149 1817 a.
2195 1753 2315 1820 648
2351 1752 2640 1828 obtinuit,
2685 1771 2825 1816 cum
2850 1767 3000 1817 ante

795 1850 951 1911 dnos
971 1869 1169 1913 annos
1178 1869 1324 1920 cum
1343 1853 1429 1912 M.
1448 1852 1690 1916 Scauro
1711 1863 1960 1933 petente
1983 1863 2377 1933 comparatus
2404 1852 2711 1932 repulsam
2731 1852 2994 1924 tulisset.

702 1945 709 1950 ’
796 1948 933 2009 Hoc
965 1948 1135 2008 enim
1160 1949 1242 2008 ad
1273 1947 1634 2021 secundum,
1668 1968 1797 2014 nou
1825 1949 2093 2030 primum
2127 1950 2350 2013 Scauri
2371 1950 2774 2014 consulatum
2801 1949 2995 2030 perti-

798 2061 951 2108 nere
968 2089 989 2118 ,
1028 2043 1206 2126 cujus
1234 2058 1510 2127 tempore
1548 2047 1657 2108 vix
1700 2046 2104 2110 tribuniciam
2147 2060 2392 2114 aetatcm
2450 2047 2717 2110 Rutilius
2765 2047 3001 2110 habere

794 2141 1023 2224 potuit,
1058 2140 1220 2202 bene
1249 2143 1505 2220 Pighius
1531 2144 1800 2205 ostendit
1834 2147 2003 2206 Anu.
2028 2146 2156 2208 vol.
2195 2144 2306 2218 111,
2333 2164 2399 2226 p.
2437 2144 2579 2208 134.
2613 2147 2688 2208 ln
2719 2163 2841 2225 quo
2871 2163 3000 2206 ma·

724 2301 729 2305 .
797 2241 1064 2319 gistratu
1091 2257 1231 2299 cum
1260 2238 1500 2317 collega
1535 2259 1574 2300 a
1602 2239 1873 2304 Cimbris
1898 2241 2139 2321 ingenti
2158 2253 2369 2321 strage
2389 2241 2559 2304 fusus
2577 2252 2759 2318 esset,
2785 2260 2998 2304 cinnes

800 2337 997 2400 ltalia
1027 2337 1303 2418 juniores
1338 2349 1729 2400 sacramento
1776 2338 2029 2417 adigere
2064 2338 2291 2420 jussus,
2341 2341 2433 2401 rei
2476 2352 2686 2404 tamen
2716 2340 2999 2420 gemndae

797 2435 1125 2498 occasione
1154 2436 1380 2500 caruit.
1421 2438 1575 2497 Tum
1602 2436 1872 2518 primum
1906 2448 1971 2497 et
1998 2436 2077 2497 ab
2104 2436 2225 2498 hoc
2253 2439 2505 2502 consulo
2535 2438 2774 2502 tirones
2798 2451 2998 2500 artem

798 2551 975 2596 arma
995 2535 1299 2602 tractandi
1326 2534 1774 2614 gladiatoribus
1804 2534 2123 2596 arcessitis
2149 2535 2445 2600 didicere.

886 2636 961 2695 ln
980 2633 1163 2716 hujus
1180 2636 1304 2697 viri
1332 2636 1683 2698 constantia
1711 2648 1775 2697 et
1807 2634 1999 2702 animi
2029 2636 2454 2714 magnitudine
2486 2636 2814 2712 laudanda,
2854 2637 2999 2700 dum

797 2735 916 2817 ipsi
934 2737 1155 2799 similis
1167 2737 1367 2799 videri
1388 2737 1584 2822 cupit,
1609 2739 1677 2800 in
1696 2737 1914 2819 primis
1928 2737 2206 2818 copiosus
2223 2751 2317 2800 est
2334 2737 2590 2812 Seneca,
2611 2738 2775 2820 apud
2790 2759 2995 2819 quem,

798 2849 1024 2916 praeter
1044 2836 1181 2899 loca
1209 2856 1245 2897 a
1263 2838 1621 2918 Spaldingio
1638 2838 1720 2899 ad
1740 2838 2009 2919 Quintil.
2043 2840 2122 2910 V,
2154 2837 2219 2911 2,
2249 2838 2290 2900 4
2320 2838 2604 2912 collecta,
2649 2858 2712 2898 v.
2741 2837 2992 2904 consol.

796 2937 879 3008 d
906 2938 1101 3002 Marc.
1129 2958 1186 3000 c.
1213 2938 1320 3011 22,
1353 2940 1450 3002 De
1472 2940 1825 3022 provident.
1851 2959 1910 3001 c.
1933 2939 1999 3002 3.
2024 2940 2116 3002 Ne
2141 2939 2370 3001 Frustra
2395 2939 2692 3017 colligere
2713 2952 2999 3004 aucueres

798 3033 1141 3108 videamur,
1172 3036 1324 3098 duas
1350 3037 1649 3100 maximas
1675 3055 1912 3111 causas,
1946 3036 2013 3098 in
2043 3034 2259 3117 quibus
2289 3050 2572 3100 versatus
2591 3049 2707 3112 est,
2737 3036 2994 3117 judici&

798 3127 889 3192 les
914 3132 1390 3198 consideremus.
1420 3132 1639 3194 Altera
1668 3144 1783 3208 est,
1819 3135 1979 3213 quod
2001 3135 2084 3193 M.
2109 3134 2408 3198 Scaurum
2429 3134 2816 3212 designatum
2841 3154 2989 3196 oon·

795 3231 993 3294 sulem
1018 3227 1146 3313 ips‘e
1165 3234 1440 3315 repulsus
1464 3235 1542 3294 de
1569 3232 1807 3294 ambitu
1827 3234 2180 3315 posualavit,
2211 3235 2522 3298 referente
2549 3233 2684 3298 Cic.
2717 3237 2783 3297 in
2809 3237 2985 3298 Brut.

796 3353 856 3395 c.
888 3331 993 3406 30,
1024 3332 1163 3395 113.

884 3434 960 3494 ln
986 3451 1106 3513 qua
1139 3453 1324 3496 cama
1352 3451 1491 3493 cum
1518 3447 1798 3496 austerus
1824 3434 1953 3516 ipse
1983 3453 2183 3516 neque
2223 3435 2534 3500 blanditus
2563 3437 2848 3517 cuiquam
2895 3438 2998 3502 ad·

799 3548 1017 3590 versus
1040 3529 1347 3591 hominem
1368 3529 1438 3591 in
1466 3529 1725 3592 civitate
1745 3531 2235 3613 potentissimum
2261 3532 2492 3597 frustra
2519 3532 2880 3608 laborasset,
2913 3533 2998 3596 ab

799 3644 910 3687 neo
927 3626 1203 3691 absoluto
1231 3646 1372 3690 mox
1397 3628 1673 3691 eamdem
1717 3627 2023 3694 actionem
2049 3647 2377 3714 perpessus
2425 3643 2540 3694 est.
2587 3631 2666 3696 ln
2688 3630 2805 3692 boc
2835 3628 2998 3709 peri·

798 3726 939 3787 culo
986 3729 1333 3808 repellendo
1372 3729 1565 3791 multa
1599 3729 1902 3792 Rutilium
1935 3730 2239 3794 industria
2265 3729 2449 3796 fuisso
2503 3730 2740 3806 dicunt,
2797 3747 2998 3811 eaque

798 3823 1079 3905 gratiore
1111 3826 1266 3912 quod
1294 3826 1457 3890 idem
1486 3846 1778 3906 magnum
1797 3848 2022 3889 munus
2062 3830 2142 3890 de
2175 3826 2324 3907 jure
2349 3828 2763 3910 respondendi
2811 3826 2990 3890 susti·

806 3932 1008 3984 neret.
1046 3920 1369 3984 Absolutus
1396 3923 1588 4002 igitur
1602 3924 1770 3985 haud
1788 3924 1979 3985 dubie
1999 3936 2070 3986 et
2087 3924 2232 4006 jure
2269 3925 2516 4000 merito,
2541 3928 2705 4007 quod
2733 3924 2997 3988 crimina

804 4023 873 4084 in
898 4042 1043 4085 eum
1064 4023 1328 4086 conficta
1355 4044 1592 4088 summa
1622 4026 1910 4088 veritatis
1927 4025 2330 4088 similitudine
2349 4027 2417 4089 in
2448 4039 2869 4092 accusatorem
2900 4045 2995 4087 re·

806 4124 1084 4205 torqueri
1108 4138 1473 4208 potum-unu
1506 4129 1665 4209 quod
1700 4127 2029 4189 advocatam
2057 4127 2279 4192 Rutilii
2301 4127 2673 4192 &ctissime
2705 4128 2876 4201 fecit,
2915 4127 2995 4187 C.

807 4219 1056 4298 Canius,
1107 4242 1285 4305 eques
1315 4226 1493 4287 Rom.
1540 4227 1757 4288 Exstat
1779 4224 2014 4300 dictum
2042 4225 2179 4290 cic.
2215 4227 2311 4290 De
2359 4242 2521 4290 orat.
2559 4231 2652 4300 11,
2703 4228 2808 4303 69,
2845 4225 2994 4289 280.
