3367 5417
458 634 963 732 collegi-’Quae
983 637 1447 710 distinxeram
1482 638 1702 712 classe
1735 638 2204 738 quadruplici.
2263 641 2671 726 Oratorum,

471 759 1005 849 historicorum,
1057 779 1466 860 poetarum,
1521 762 2016 837 miscellorum.
2074 767 2267 856 Inter
2322 762 2673 836 miscellos

468 890 907 987 praecipuum
964 891 1352 968 Varronem
1414 917 1813 990 posueram.
1876 894 2114 991 Atque
2172 893 2330 967 haec
2398 917 2542 966 non
2601 896 2672 964 in

470 1035 699 1088 meum
727 1015 957 1088 solum
994 1038 1227 1104 usum,
1266 1019 1389 1090 sed
1428 1011 1812 1115 publicum,
1851 1019 1983 1090 nisi
2021 1020 2245 1092 visum
2280 1015 2485 1091 aliter
2509 1029 2670 1101 ἁφὰς·

466 1138 741 1212 cuidam
768 1156 891 1225 φας·
935 1141 1202 1226 fuisset,
1254 1144 1376 1241 qui
1411 1159 1723 1241 coeptum
1757 1141 1894 1215 hoc
1924 1163 2132 1214 omne
2164 1165 2399 1215 meum
2427 1141 2668 1214 turba-

467 1265 592 1336 vit.
635 1269 793 1339 Non
838 1267 1105 1354 fraude,
1147 1293 1243 1343 ne
1290 1294 1510 1355 erre&
1568 1271 1699 1343 sed
1725 1268 1989 1370 (dicam
2023 1293 2188 1344 vere
2234 1285 2309 1344 et
2361 1269 2670 1357 fortiter,

463 1396 597 1466 etsi
642 1419 892 1494 parum
923 1399 1262 1496 comiter)
1294 1402 1483 1497 turpi
1512 1399 1723 1476 furto.
1765 1443 1868 1455 -——-
1902 1403 1969 1472 Is
2003 1424 2090 1497 pa
2106 1418 2288 1474 rtem
2331 1395 2673 1495 fragmen·

466 1535 699 1593 torum
728 1545 981 1595 eorum
1008 1547 1047 1594 e
1079 1524 1290 1598 domo
1320 1549 1471 1597 mea
1498 1523 1792 1597 abstulit
1816 1524 1993 1597 mula
2031 1543 2107 1597 et
2147 1543 2388 1621 tagace
2427 1549 2664 1598 manu.

464 1646 781 1719 Abstulit
825 1649 1037 1720 etiam
1079 1674 1217 1721 una
1266 1651 1579 1720 animum
1623 1652 1696 1720 in
1749 1666 1983 1743 coepto
2032 1674 2252 1747 opere
2301 1651 2668 1747 pergendi,

465 1773 628 1866 quia
667 1783 740 1843 et
783 1771 1081 1843 difficilis
1129 1774 1546 1845 instauratio
1582 1773 1882 1869 jacturae
1925 1774 2078 1867 ejus
2132 1772 2299 1844 mihi
2353 1776 2538 1859 visa,
2598 1789 2671 1844 et

462 1914 708 1994 postea
743 1896 1084 1982 intellexi,
1117 1899 1377 1968 Janum
1415 1913 1738 1969 nostrum
1775 1899 2092 1969 Dousam
2127 1899 2447 1969 eumdem
2481 1898 2671 1970 labo-

457 2045 604 2093 rem
628 2023 814 2093 serio
838 2018 1261 2092 elaborasse.
1306 2051 1337 2084 ιι
1372 2059 1467 2074 ——-
1494 2023 1731 2093 Dousa
1765 2043 1933 2093 vero
1968 2023 2039 2092 in
2070 2021 2483 2118 praefatione
2518 2023 2660 2093 Lu-

448 2145 600 2218 -cilii
640 2147 749 2217 sui
776 2147 924 2243 ipse
959 2143 1132 2216 dixit
1166 2171 1183 2215 ε
1232 2175 1263 2209 α
1298 2146 1521 2242 Cujus
1551 2147 1910 2242 specimen
1958 2161 2030 2217 et
2073 2147 2269 2245 quasi
2304 2160 2583 2242 gustum
2612 2149 2673 2224 si

458 2272 655 2343 vobis
708 2297 850 2343 non
911 2273 1261 2366 ingratum
1316 2270 1527 2344 fuisse
1580 2295 1987 2368 cognovero
2016 2329 2035 2360 ‚
2096 2273 2448 2370 protelum
2495 2274 2668 2346 mihi

466 2398 657 2468 eritis
683 2397 769 2468 ad
802 2395 1095 2469 similem
1133 2391 1543 2469 iudustriam
1575 2399 2071 2495 experiundam
2110 2423 2258 2472 non
2287 2415 2560 2472 tautum
2594 2401 2666 2471 in

466 2528 695 2621 poetis
715 2524 1032 2624 reliquis,
1066 2526 1191 2598 sed
1223 2543 1298 2599 et
1320 2528 1393 2597 in
1423 2526 1770 2600 historicis
1796 2543 1867 2600 et
1895 2528 2321 2615 oratoribus,
2353 2553 2667 2629 quornm

465 2655 721 2750 partim
742 2653 1246 2742 interfuerunt,
1297 2654 1437 2725 imo
1468 2670 1540 2726 et
1569 2654 2000 2751 praefuerunt
2034 2655 2264 2744 bellis,
2304 2661 2556 2755 partim
2593 2661 2672 2736 in

461 2796 705 2852 senatu
734 2795 807 2851 et
832 2778 1099 2876 populo
1124 2778 1245 2851 illo
1271 2781 1530 2852 versati
1556 2798 1755 2866 sunt,
1788 2779 1909 2852 ubi
1932 2782 2209 2855 assidua
2236 2784 2565 2855 materies
2591 2800 2667 2855 et

463 2908 747 3002 agitatio
769 2906 1014 2978 barum
1043 2931 1307 2979 rerum.
1349 2939 1379 2972 n
1420 2909 1714 2999 Verum,
1740 2924 1819 2979 ut
1843 2931 2057 3004 supra
2084 2909 2260 2999 dixi,
2290 2933 2524 3007 neque
2549 2908 2666 2982 hio

458 3053 697 3129 neque
727 3028 849 3102 ille
885 3047 1116 3129 coepta
1157 3030 1496 3112 absolvit,
1552 3032 1870 3129 quamvis
1901 3048 2216 3131 uterque
2256 3059 2408 3107 rem
2444 3031 2666 3106 utilis-

461 3154 700 3228 simam
733 3153 882 3227 fore
922 3155 1340 3252 judicasset.
1407 3157 1555 3227 Nec
1601 3153 1879 3227 silentio
1926 3159 2474 3252 praetermittere
2508 3179 2662 3253 posn—

461 3311 647 3372 sum,
690 3287 889 3385 quod
930 3311 1158 3383 nuper
1189 3288 1259 3358 in
1311 3287 1732 3384 Bernhardy
1771 3288 2060 3359 historia
2111 3287 2663 3384 ingeniosissima

463 3406 815 3480 literarum
856 3411 1331 3480 Romanarum
1380 3434 1452 3505 p.
1512 3410 1647 3481 287
1684 3407 1850 3504 legi,
1892 3433 2107 3504 aegre,
2164 3432 2302 3481 nec
2354 3408 2506 3480 sine
2557 3409 2666 3505 ja·

462 3546 658 3601 ctura
691 3529 1045 3602 literarum
1081 3531 1314 3604 adhuc
1356 3531 1743 3604 desiderari
1782 3547 2140 3604 oratorum
2177 3529 2666 3603 collectionem

461 3657 1041 3752 fragmentorum.
1071 3659 1149 3728 Id
1178 3683 1349 3734 vero
1368 3660 1703 3758 imprimis
1721 3664 2001 3751 sentiet,
2037 3661 2464 3757 quicumque
2480 3662 2655 3732 Bru-

462 3801 610 3854 tum
646 3785 1005 3858 Ciceronis
1036 3801 1108 3856 et
1134 3783 1549 3880 Quintiliani
1577 3784 1834 3860 librum
1867 3789 2212 3861 decimum
2242 3787 2663 3860 interiusin-

461 3912 775 4010 telligere
803 3917 1067 4011 cupiet,
1104 3930 1178 3987 et
1210 3914 1298 3987 ad
1330 3916 1527 3988 hunc
1561 3941 1764 3990 usum
1801 3942 1931 4014 ego
1961 3919 2256 4014 primum
2293 3915 2656 3989 consilium

459 4037 612 4131 ejus
643 4038 740 4108 rei
779 4038 963 4132 cepi,
1003 4040 1394 4133 praesertim
1426 4064 1582 4110 cum
1618 4040 1843 4112 fontes
1876 4036 2282 4139 rivulosque
2311 4093 2329 4126 ,
2392 4037 2462 4108 in
2512 4040 2659 4136 qui-

461 4160 595 4232 bus
636 4177 992 4236 oratorum
1028 4162 1404 4259 fragmenta
1456 4165 1701 4249 latent,
1733 4166 1876 4259 jam
1925 4180 2130 4235 antea
2169 4162 2656 4258 cognovissem
