3367 5417
1913 370 2001 439 66

857 516 949 579 rei
1002 524 1228 576 natura
1260 511 1452 583 nisus,
1490 529 1629 571 cnm
1676 509 1958 592 exempla
1995 510 2268 593 partium
2312 510 2379 570 in
2426 505 2814 572 orationibus
2844 505 3082 572 recisa·

853 636 991 678 rum
1022 611 1219 695 ponit,
1264 629 1341 675 ex
1371 622 1672 692 tempore,
1709 606 2024 672 nonnullis
2060 607 2414 674 actionibus
2456 606 2737 689 impenso
2771 609 3074 682 ostendit,

853 738 979 779 non
1036 713 1242 777 omnia
1287 712 1526 795 scripta
1583 732 1739 776 esse.
1804 711 1992 773 Velut
2043 709 2486 774 Cornelianum
2540 706 2872 790 quatriduo
2933 728 3076 770 sese

850 816 1045 895 egisse
1074 811 1382 895 scriptum
1408 810 1633 874 Cicero
1660 809 1937 890 reliquit.
1978 812 2063 871 At
2092 807 2264 870 nulla
2285 821 2389 870 est
2420 806 2608 872 hodie
2649 804 2876 881 oratio,
2933 827 3072 887 quae

849 918 1039 982 trium
1061 918 1359 982 horarum
1385 927 1629 996 tempus
1655 911 1932 995 impleat,
1969 931 2083 974 nec
2115 930 2299 972 omne
2342 922 2584 992 tempus
2635 908 2943 988 reliquum
2985 921 3068 971 te·

848 1018 1049 1080 stibus
1073 1012 1538 1093 interrogandis
1566 1008 1843 1093 impendi
1862 1011 2084 1093 potuit.
2116 1011 2313 1072 Recte
2337 1007 2527 1069 etiam
2553 1003 2824 1082 Plinius,
2841 1007 3065 1076 Aliud,

847 1117 958 1190 ait,
996 1114 1216 1176 bonam
1237 1130 1373 1171 esse
1403 1115 1734 1178 actionem,
1764 1109 1938 1168 aliud
1961 1108 2183 1168 bonam
2212 1108 2578 1166 orationem.

937 1213 1045 1274 51.
1089 1212 1307 1275 Genus
1338 1207 1676 1272 verborum
1708 1225 1746 1268 a
1774 1206 2081 1269 Cicerone
2104 1207 2352 1269 demum
2381 1222 2553 1264 suam
2585 1201 2829 1283 accepit
2852 1204 3058 1284 ampli-

848 1307 1151 1378 tudinem,
1196 1305 1431 1367 Graecis
1474 1306 1661 1367 etiam
1698 1301 1957 1366 auribus
1997 1303 2293 1382 dignam3
2345 1319 2546 1381 neque
2574 1311 2670 1361 est
2708 1299 2829 1360 hoc
2869 1301 2938 1360 in
2990 1302 3060 1362 iis

850 1405 1180 1489 capitibus,
1228 1420 1366 1484 quae
1401 1402 1581 1465 hodie
1618 1414 1844 1481 egeant
1870 1397 2164 1464 uberiore
2188 1397 2627 1479 disputatione.
2660 1395 2780 1459 Sed
2809 1400 3060 1461 credere

846 1523 974 1566 non
1012 1501 1325 1574 debemus,
1375 1519 1732 1581 quanquam
1774 1498 1996 1561 alienis
2032 1498 2396 1580 plerumque
2441 1489 2817 1580 testimoniis
2863 1494 3062 1560 niten-

845 1603 991 1665 dum
1031 1610 1150 1675 est,
1190 1617 1409 1663 omnes
1453 1599 1770 1660 Romanos
1799 1599 1876 1658 ad
1925 1596 2206 1660 eamdem
2233 1593 2574 1657 verborum
2621 1591 2866 1652 laudem
2903 1592 3057 1675 aspi-

841 1723 1030 1768 rasse.
1066 1703 1199 1766 Hoc
1220 1699 1353 1782 jam
1382 1720 1456 1763 ea
1481 1702 1559 1763 de
1581 1721 1771 1764 causa
1791 1699 1928 1762 fieri
1957 1716 2085 1760 non
2115 1698 2337 1780 potuit,
2372 1697 2536 1777 quod
2560 1714 2793 1774 genera
2811 1693 3055 1756 dicendi

840 1802 1028 1884 plane
1062 1799 1309 1859 diversa
1337 1797 1558 1858 eodem
1583 1808 1865 1876 tempore
1893 1794 2214 1856 celebrata
2236 1805 2402 1855 sunt.
2435 1792 2683 1856 Asianis
2711 1790 3060 1854 oratoribus
3151 1789 3158 1792 ’

842 1892 1211 1961 Hortensius
1246 1891 1488 1961 similis,
1526 1888 1709 1971 copia
1735 1903 1801 1952 et
1828 1891 2247 1954 redundantia
2280 1889 2616 1952 verborum
2659 1891 2839 1950 modo
2870 1903 3058 1952 tumo-

843 2017 1002 2069 rem,
1041 1993 1222 2055 modo
1250 1991 1620 2068 exilitatem,
1646 1987 2104 2054 sententiarum
2143 1989 2376 2052 amictu
2415 1990 2591 2071 quasi
2624 1990 3054 2051 vestientibus.

844 2093 1075 2157 Calvus
1107 2085 1350 2150 Atticos
1371 2099 1762 2151 consectatus
1799 2086 1959 2148 nihil
1980 2085 2101 2151 nisi
2132 2088 2363 2151 siccum
2389 2101 2454 2149 et
2488 2105 2704 2149 sanum
2744 2088 2889 2148 dum
2916 2108 3057 2170 pro·

844 2189 1062 2261 habat,
1096 2183 1380 2267 quamvis
1421 2180 1658 2266 optima
1697 2183 2020 2246 voluntate
2060 2203 2222 2268 saepe
2248 2184 2317 2246 in
2346 2182 2565 2246 infelix
2595 2180 2751 2245 illud
2787 2205 2924 2248 sese
2956 2206 3055 2248 ca-

843 2283 1198 2352 lumniandi
1225 2282 1447 2345 vitium
1485 2281 1733 2360 incidit,
1771 2304 1891 2366 quo
1921 2284 2075 2347 nihil
2098 2286 2385 2348 oratoriae
2406 2280 2743 2346 elocutioni
2766 2288 3058 2366 parandae

845 2384 1128 2448 infestius
1142 2380 1385 2464 judicat
1412 2379 1680 2464 Quintil.
1708 2379 1791 2453 X,
1827 2380 1890 2454 3,
1921 2381 1998 2443 10
2025 2408 2043 2460 3
2069 2381 2135 2458 4,
2166 2381 2227 2458 3,
2262 2381 2438 2443 alibi.
2484 2376 2654 2464 Quin
2683 2380 2958 2460 fuerunt,
2999 2395 3058 2445 et

846 2486 916 2546 in
953 2482 1051 2544 his
1078 2482 1244 2544 idem
1285 2479 1537 2557 Calvus,
1570 2492 1657 2554 et,
1701 2483 1864 2563 quod
1891 2479 2146 2545 difficile
2177 2482 2445 2554 creditu,
2492 2482 2741 2558 Brutus,
2787 2484 2896 2563 qni
2921 2503 3054 2547 cum

843 2584 1035 2648 exiles
1064 2595 1130 2644 et
1156 2593 1374 2644 tenues
1403 2582 1789 2657 dicerentur,
1828 2580 2028 2665 ipsum
2060 2582 2431 2645 Ciceronem
2468 2583 2732 2644 otiosum
2751 2595 2816 2644 et
2845 2605 3056 2648 exsan-

845 2702 1025 2763 guem
1075 2694 1140 2742 et
1176 2679 1484 2744 elumbem
1528 2679 1880 2762 culparent.
1929 2683 2047 2743 Hic
2095 2693 2305 2743 tamen
2331 2727 2347 2754 ,
2391 2700 2534 2742 cum
2583 2682 2767 2763 paulo
2812 2684 3053 2764 plenior

846 2780 1270 2842 Demosthene
1307 2777 1571 2841 medium
1607 2798 1802 2858 genus
1843 2776 2171 2858 eloquendi
2210 2792 2703 2853 consectaretur,
2733 2780 2798 2841 id
2826 2780 3053 2856 effecit,

845 2895 915 2942 ut
943 2900 1146 2960 neque
1165 2878 1233 2945 in
1259 2879 1596 2959 grandibus
1618 2881 1808 2948 rebus
1837 2880 2049 2943 verbis
2078 2882 2318 2942 deesset
2339 2901 2449 2943 sua
2480 2881 2594 2956 vis,
2623 2902 2826 2963 neque
2849 2903 3056 2964 parvae

843 2975 1236 3062 proprietate
1260 2990 1572 3058 carerent.
1620 2981 1851 3042 Brutus
1885 2989 2087 3041 autem
2117 2979 2259 3041 (lum
2288 2979 2638 3043 castitatem
2673 2980 3056 3062 philosopho-

840 3098 979 3139 rum
1015 3097 1143 3140 non
1173 3076 1521 3139 affectatam
1560 3077 1910 3159 exprimere
1952 3074 2207 3151 studuit,
2243 3077 2322 3138 ab
2360 3077 2717 3139 oratoribus
2745 3078 3056 3162 paulisper

838 3174 1117 3238 recessit.
1147 3171 1269 3238 Sed
1288 3155 1516 3255 praeter
1540 3174 1657 3236 hoc
1686 3173 1752 3234 in
1785 3174 1971 3236 rebus
1984 3184 2048 3233 et
2076 3173 2409 3251 generibus
2431 3172 2682 3234 dicendi
2714 3172 2900 3242 situm
2935 3176 3054 3240 dis·

839 3273 1082 3337 crimen
1110 3269 1279 3334 aliud
1301 3266 1370 3330 in
1397 3267 1608 3331 verbis
1631 3266 1781 3331 solis
1820 3269 2082 3350 positum
2113 3269 2689 3333 animadvertimus.
2717 3273 2862 3333 Jam
2883 3271 3049 3338 enim

835 3373 1119 3434 homines
1166 3370 1234 3432 in
1291 3364 1557 3431 dicendo
1601 3367 1805 3432 minus
1845 3384 2120 3434 versatos
2155 3370 2278 3432 alio
2325 3389 2554 3449 genere
2609 3391 2831 3453 parum
2889 3375 3053 3437 culto

838 3492 978 3536 usos
998 3490 1135 3535 esse
1156 3487 1411 3532 necesse
1436 3480 1550 3530 est.
1598 3469 1731 3532 Hoc
1764 3470 1842 3532 de
1863 3470 2158 3553 Pompeio
2192 3482 2490 3554 arguunt,
2526 3488 2660 3550 quae
2686 3471 2753 3532 in
2787 3492 3052 3552 corpore

837 3571 1251 3653 Epistolarum
1306 3570 1635 3635 Ciceronis
1694 3570 1945 3635 insertae
1999 3573 2291 3651 leguntur
2358 3573 2436 3634 ab
2487 3569 2597 3635 illo
2653 3572 3045 3654 conscriptae.

836 3667 1084 3730 Deinde
1098 3683 1236 3734 orta
1249 3680 1346 3732 est
1364 3666 1472 3732 illo
1488 3681 1764 3750 tempore
1780 3670 1991 3753 inepta
2012 3670 2501 3752 antiquariorum
2521 3683 2801 3746 κακοζηλία,
2817 3671 2912 3732 nil
2929 3671 3045 3732 nisi

833 3764 1042 3846 prisca
1080 3765 1461 3837 mirantium,
1489 3766 1772 3828 recentia
1797 3778 1866 3828 ut
1897 3766 2143 3848 abjecta
2178 3779 2242 3827 ct
2280 3779 2506 3828 ornatu
2534 3768 2810 3831 carentia
2846 3788 3046 3852 asper·

834 3861 1146 3923 nantium.
1197 3862 1271 3921 ln
1299 3863 1518 3941 quibus
1561 3875 1690 3922 tum
1719 3862 2081 3934 Sallustius,
2124 3875 2250 3923 tum
2283 3863 2517 3943 aliquot
2548 3864 2734 3930 annis
2768 3868 3044 3932 minores

831 3959 1030 4026 Pollio
1059 3954 1332 4029 Asinius,
1358 3957 1429 4020 C.
1466 3961 1790 4031 Maecenas,
1826 3961 1898 4021 L.
1934 3960 2272 4022 Arruntius
2294 3980 2533 4025 summa
2555 3984 2809 4047 qumque
2833 3964 3038 4032 viden·

833 4069 938 4119 tur
979 4053 1280 4140 attigisse.
1328 4057 1411 4121 Et
1451 4056 1624 4121 illum
1657 4058 1906 4138 quidem
1953 4059 2278 4138 aequalium
2319 4063 2719 4142 reprehensio
2773 4060 3032 4127 notavit.
3125 4055 3132 4068 '

832 4157 1031 4222 Pollio
1058 4179 1231 4235 vere,
1267 4177 1408 4221 cum
1431 4155 1788 4224 Sallustium
1810 4172 1882 4222 ut
1907 4158 2394 4224 Catonianorum
2418 4162 2754 4230 verborum
2805 4164 3038 4248 impru-
