3367 5417
1424 531 1553 601 301

518 660 777 715 metauris
807 662 945 716 abda
975 662 1028 714 in
1055 661 1332 733 Hispania,
1359 681 1473 716 eunt
1497 639 1631 716 esset
1656 669 1885 734 qua-ster
1909 662 2002 713 sub
2027 662 2212 712 Vetere
2238 659 2491 712 Antistio.
2514 691 2580 703 —

521 744 625 798 Sed
655 763 850 797 annum
879 757 1159 816 quoestmoe
1185 763 1341 798 nemo
1364 744 1535 798 adhuc
1564 744 1838 797 indicavit.
1866 741 2050 795 Julius
2076 741 2268 794 Celsus
2295 741 2380 794 vel
2405 741 2583 814 potius

523 832 804 885 Petu-archa
841 832 895 885 in
925 833 1047 885 Vita
1076 831 1298 884 Coesaris
1329 850 1447 904 cap.
1478 834 1526 884 11
1566 832 1698 885 dicit
1743 853 1755 884 ι
1789 830 1891 882 His
1919 825 2121 882 exactis
2147 830 2357 881 Romam
2392 828 2578 892 rediit,

511 923 827 989 primusque
849 916 936 970 illa·
951 917 1232 985 honosfut't
1257 917 1553 971 tribunatus
1579 917 1820 982 nu'litun,
1839 916 1892 968 in
1916 933 2019 987 quo
2041 913 2247 986 quidem
2271 914 2585 967 ιἠιηιόωίαηι

516 1022 551 1056 a
573 1003 616 1058 S
615 1004 731 1076 ylla
755 1002 1075 1057 tribunitiam
1088 1009 1406 1074 potestatem
1431 1006 1714 1057 restituere
1736 1021 1930 1057 summo
1951 1002 2129 1055 studio
2150 1000 2300 1064 pu'sm
2321 1007 2423 1053 est.
2453 1000 2584 1053 Inde

520 1091 748 1155 quaestor
768 1085 1067 1139 uua-imm
1087 1085 1308 1139 sortitus
1332 1084 1660 1157 Hispaniam.
1679 1115 1746 1127 -
1768 1085 2031 1139 Restituit
2051 1094 2229 1139 autem
2253 1080 2586 1136 tribunitiam

516 1179 832 1239 potestatem
851 1187 903 1222 a.
925 1171 992 1222 U.
1013 1171 1136 1224 683.
1349 1225 1358 1237 ,

446 1297 482 1331 a
499 1282 717 1348 Venere]
737 1281 978 1353 Respicit
1003 1280 1151 1333 huuc
1178 1279 1354 1334 locum
1375 1280 1618 1334 Velleius
1634 1282 1706 1347 11,
1727 1281 1815 1333 41.

462 1394 646 1455 Δηοῖ.
675 1393 842 1456 Dial.
865 1395 942 1455 de
964 1406 1154 1458 oratt.
1180 1414 1240 1456 c.
1267 1395 1340 1456 21
1365 1416 1383 1455 :
1406 1396 1481 1457 ln
1498 1392 2215 1456 orationibusminorem
2230 1410 2362 1453 esse
2378 1391 2572 1452 θαα-
2638 1377 2725 1462 18
2749 1381 2779 1449 ί

376 1512 510 1555 rem
530 1492 692 1556 fama
723 1514 832 1557 sua
858 1494 1046 1559 etiam
1074 1496 1487 1559 admiratores
1502 1495 1560 1579 ej
1568 1515 1638 1558 us
1657 1494 1955 1566 fatentur,
1972 1513 2091 1556 nec
2112 1492 2244 1556 fere
2266 1493 2585 1575 quisquam

374 1601 482 1650 aut
505 1589 778 1650 Caesaris
801 1609 926 1668 pro
955 1591 1143 1652 Decio
1164 1591 1439 1652 Samnite
1466 1591 1598 1677 (17)
1629 1603 1739 1652 aut
1767 1589 1958 1654 Bruti
1979 1610 2100 1669 pro
2124 1592 2414 1651 Deiotaro
2441 1610 2587 1670 rege

372 1701 733 1770 ceterosque
753 1689 1024 1773 ejusdem
1055 1688 1446 1754 lentitudinis
1472 1711 1545 1753 ac
1567 1690 1803 1775 teporis
1826 1690 2026 1752 libros
2046 1686 2223 1768 legit,
2254 1688 2374 1752 nisi
2394 1691 2500 1770 qui
2523 1701 2586 1752 et

374 1786 654 1848 carmina
684 1787 1023 1850 eorundem
1049 1783 1342 1850 miratur.

459 1886 638 1948 Inter
667 1885 1016 1966 fragmenta
1041 1886 1396 1949 orationum
1424 1885 1711 1961 Caesaris,
1735 1899 1872 1967 quoe
1890 1883 2366 1967 Oudendorpius
2393 1883 2577 1945 colle-

371 1980 488 2058 git,
522 2000 742 2044 errore
767 1978 994 2046 Oratio
1033 1983 1307 2064 quaedam
1342 2005 1464 2063 pro
1490 1982 1756 2044 Sextilio
1785 1977 2101 2062 adscripta
2137 1993 2265 2043 est:
2296 1977 2370 2043 C.
2398 1980 2566 2041 enim

368 2080 599 2157 Caesar,
631 2084 735 2164 qui
763 2102 879 2167 pro
904 2080 1160 2146 Sextilio
1189 2083 1456 2158 dixerat,
1491 2102 1618 2146 non
1655 2083 1731 2147 C.
1772 2083 1903 2146 Jul.
1939 2081 2166 2157 Caesar,
2199 2082 2277 2143 de
2313 2099 2434 2163 quo
2469 2079 2576 2144 hie

377 2173 607 2257 agitur,
630 2190 746 2255 est,
774 2179 885 2241 sed
904 2178 980 2243 C.
1002 2179 1203 2241 Julius
1217 2178 1427 2242 emar
1438 2178 1690 2254 Strabo,
1713 2176 1889 2260 cujus
1906 2196 2073 2241 mors
2090 2178 2158 2241 in
2179 2174 2392 2241 Cicer.
2410 2177 2575 2241 libro

363 2278 463 2339 De
490 2290 654 2340 orat.
683 2281 803 2353 111,
835 2279 895 2351 3,
922 2280 1025 2353 10,
1050 2293 1369 2343 narratur.
1395 2281 1556 2344 Vide
1577 2299 1766 2363 supra
1788 2299 1852 2362 p.
1882 2280 2021 2343 162.

448 2377 670 2442 Oratio
702 2376 972 2444 Coesaris
999 2381 1095 2442 De
1119 2377 1469 2462 conjuratis
1498 2381 1660 2463 apud
1688 2378 2045 2443 Sallustium
2073 2377 2262 2442 Catil.
2294 2399 2354 2440 e.
2380 2377 2452 2439 51
2488 2377 2573 2440 le·

359 2477 554 2557 gitur.
580 2473 788 2567 [Conf.
816 2479 952 2542 Cic.
978 2481 1135 2562 Epp.
1165 2481 1243 2542 ad
1262 2484 1397 2542 Att.
1422 2478 1570 2555 xil,
1597 2479 1704 2541 22.
1733 2478 2056 2559 Egger.—
2076 2477 2252 2540 Alius
2274 2477 2578 2540 orationis

361 2576 746 2639 mentionem
775 2577 948 2638 addit
975 2578 1171 2650 Idem,
1200 2597 1299 2660 ap.
1333 2574 1471 2640 Cic.
1501 2579 1656 2661 Epp.
1684 2577 1763 2639 ad
1793 2573 1923 2638 div.
1945 2578 2059 2651 lv,
2087 2575 2151 2646 4,
2180 2576 2261 2638 ad
2284 2575 2575 2638 Servium

359 2675 793 2759 Sulpicium«
815 2678 912 2739 De
929 2677 1234 2749 Marcelli,
1265 2677 1519 2756 collegae
1547 2676 1663 2752 tui,
1692 2674 1889 2738 salute
1916 2677 2100 2760 paulo
2133 2686 2280 2737 ante
2303 2695 2485 2755 quam
2509 2686 2575 2734 tu

363 2776 807 2855 cognovimus:
841 2773 1031 2837 etiam
1060 2775 1448 2848 mehercule,
1479 2772 1994 2855 quemadmodum
2035 2794 2110 2837 ea
2149 2787 2252 2835 res
2288 2783 2578 2853 ageretur

356 2871 652 2933 vidimus.
686 2872 845 2934 Nam
871 2871 963 2934 sic
990 2870 1124 2934 fere
1153 2869 1508 2935 existimes:
1545 2883 1690 2954 post
1716 2872 1831 2933 has
1859 2868 2180 2943 miserias,
2204 2870 2271 2932 i'd
2297 2880 2393 2933 est
2411 2884 2577 2951 post-

359 2986 548 3049 quam
591 2967 784 3030 armis
826 2967 1158 3050 disceptari
1195 2980 1466 3052 coeptum
1506 2981 1601 3031 est
1636 2969 1715 3030 de
1748 2965 1894 3049 jure
1929 2966 2206 3052 publico,
2248 2963 2406 3028 nihil
2443 2985 2578 3028 esse

356 3076 570 3127 actum
595 3062 762 3128 aliud
792 3085 933 3128 cum
964 3060 1291 3145 dignitate.
1329 3068 1482 3129 Nam
1513 3077 1578 3128 et
1601 3066 1734 3148 ipse
1755 3064 1985 3139 Coesar,
2011 3075 2307 3126 accusata
2335 3061 2576 3132 acerbi·

355 3174 492 3225 tate
511 3162 793 3227 Marcelli
814 3159 930 3246 (sic
958 3158 1135 3226 enim
1159 3162 1534 3248 appellabat)
1556 3164 1926 3244 laudataque
1948 3159 2579 3225 honorificentissime

356 3272 428 3322 et
465 3257 757 3342 aequitate
803 3272 909 3322 tua
955 3271 1020 3321 et
1061 3258 1420 3342 prudentia,
1453 3271 1715 3344 repente
1759 3271 1986 3344 praeter
2028 3277 2201 3343 spem
2238 3253 2439 3319 dixit=
2489 3258 2581 3319 Se

353 3365 596 3420 senatui
633 3364 875 3440 roganti
914 3362 992 3421 de
1035 3361 1331 3423 Marcello
1373 3382 1453 3422 ne
1496 3358 1773 3422 homiuis
1815 3362 2066 3447 quidem
2103 3379 2289 3420 causa
2331 3374 2576 3438 negatu-

356 3476 523 3515 rum.
546 3451 618 3542 n]
2396 3495 2405 3510 .
2520 3485 2539 3506 0

447 3550 659 3615 Velius
676 3553 924 3632 longus
952 3555 1050 3616 De
1077 3555 1356 3636 orthogr.
1398 3575 1465 3638 p.
1503 3555 1672 3619 22⁴4
1709 3577 1727 3616 ε
1760 3555 1984 3615 Lutum
2011 3568 2196 3637 atque
2242 3556 2501 3616 mcellu

350 3650 765 3731 singulariter
787 3650 960 3714 exire
990 3666 1320 3728 memento,
1342 3653 1491 3716 licet
1515 3653 1852 3715 Memmius
1880 3658 1999 3714 ista
2028 3652 2291 3714 macella
2311 3650 2481 3720 dieat
2503 3667 2570 3716 et

352 3750 592 3813 Coesar
611 3751 761 3810 luta.

446 3849 643 3932 Epist.
669 3851 756 3911 M.
782 3850 998 3913 Aurei.
1025 3848 1289 3913 Coesaris
1312 3851 1392 3912 ad
1413 3850 1797 3915 Frontonem
1825 3852 1904 3934 (1,
1928 3852 1990 3927 9,
2011 3871 2073 3932 p.
2099 3850 2173 3914 21
2201 3853 2304 3914 ed.
2325 3852 2532 3931 Rom.)
2552 3875 2574 3914 τ

346 3949 679 4014 Materiam
707 3962 1034 4014 cruentam
1063 3950 1287 4013 misisti
1313 3951 1493 4028 mihi,
1526 3952 1789 4015 necdum
1815 3952 1939 4032 legi
1965 3951 2309 4016 Goeliauum
2358 3971 2576 4015 excer-

348 4064 557 4134 ptum,
599 4051 763 4132 quod
802 4046 1053 4126 misisti,
1083 4039 1218 4114 'nec
1261 4050 1464 4131 legam
1490 4048 1668 4134 prius
1696 4072 1882 4133 quam
1909 4069 2128 4115 sensus
2152 4051 2285 4135 ipse
2312 4065 2574 4115 venatus

347 4155 558 4214 suero.
591 4152 723 4212 Sed
748 4169 850 4211 me
876 4150 1146 4212 Ccesaris
1173 4156 1369 4212 oratio
1397 4157 1570 4212 uncis
1600 4152 1903 4234 unguibus
1926 4157 2154 4213 um'net.
2191 4154 2373 4216 Nunc
2395 4152 2570 4216 deni-

350 4273 478 4334 que
511 4252 749 4324 sentio,
780 4265 1076 4330 quantum
1105 4250 1317 4334 operis
1345 4251 1457 4324 sit,
1495 4263 1708 4316 ternos
1741 4254 1838 4316 vel
1870 4255 2088 4337 quinos
2116 4272 2329 4317 versus
2364 4253 2431 4315 in
2469 4252 2579 4317 die

343 4369 587 4412 ornare
612 4363 675 4412 et
701 4345 934 4430 aliquid
961 4349 1065 4411 diu
1088 4348 1394 4413 scribere.
