3367 5417
1442 466 1520 537 91

390 614 680 685 excerpta
730 601 998 665 confecit
1028 600 1436 685 (Plutarchus
1467 602 1599 667 Vit.
1647 624 1704 666 c.
1741 602 1843 689 4).
1902 602 2219 667 Praeterea
2242 602 2344 688 jus
2390 602 2602 684 ponti-

388 701 596 765 ficium
626 723 662 764 a
686 703 826 766 Ser.
852 701 1130 786 Sulpicio
1157 703 1568 792 didicit<Cic.
1595 705 1773 765 Brut.
1805 724 1866 766 c.
1896 700 2014 789 58)
2035 715 2098 765 et
2125 702 2503 788 philosophis
2520 723 2599 764 ea

384 812 567 863 aetate
612 797 972 863 clarissimis
1000 798 1289 876 vacavit,
1336 803 1404 864 in
1433 797 1652 885 primis
1675 796 2071 862 Academicis
2099 795 2231 882 (ib.
2259 821 2316 863 c.
2347 799 2451 873 31,
2478 798 2591 875 40,

384 898 460 959 97
480 898 503 984 )
533 908 599 959 et
618 897 855 971 Aristo,
885 917 1066 978 quem
1089 900 1380 963 heredem
1399 895 1749 962 Academiae
1771 895 1997 965 Cicero
2015 908 2246 959 vocat.'
2273 903 2329 959 A
2347 896 2601 959 Plutar--

381 1001 498 1061 cho
523 1019 652 1063 non
673 999 917 1063 Aristus
935 1002 1045 1063 scd
1066 1000 1277 1063 Aristo
1307 998 1363 1063 i's
1386 1002 1617 1065 dicitur
1636 1000 1705 1064 in
1732 997 1881 1064 Vita
1905 1020 1965 1062 c.
2003 1000 2069 1075 2,
2095 996 2202 1080 qui
2216 999 2597 1061 Antiochum

379 1112 694 1183 praeterea
725 1101 1147 1163 Ascalonitam
1170 1114 1233 1163 et
1261 1103 1740 1164 Theomnastum
1782 1096 2210 1174 Academicos,
2250 1112 2315 1161 et
2344 1096 2596 1182 Cratip-

379 1221 528 1284 pum
556 1201 1040 1282 Peripateticum
1061 1202 1325 1267 Athenis
1346 1202 1425 1266 ab
1463 1223 1537 1267 eo
1571 1202 1809 1266 auditos
1837 1199 2033 1265 tradit
2056 1198 2313 1285 (ibidem
2349 1220 2407 1264 c.
2454 1199 2590 1286 24).

381 1302 457 1362 In
485 1296 763 1362 oratoria
781 1312 917 1363 arte
946 1322 985 1363 a
1013 1302 1373 1379 Pammene,
1404 1300 1537 1384 ejus
1563 1303 1766 1365 aetatis
1796 1301 1864 1362 in
1887 1302 2136 1367 Graecia
2164 1299 2607 1375 disertissimo,.

381 1397 660 1459 eruditus
687 1394 922 1458 dicitur
980 1394 1151 1479 (Cic.
1195 1402 1372 1461 Brut.
1411 1419 1471 1461 c.
1530 1400 1661 1486 97).
1718 1398 1942 1461 Latine
1971 1399 2164 1479 igitur
2220 1398 2597 1461 declamasse

384 1515 514 1558 non
557 1494 825 1567 videtur,
885 1491 1121 1556 veteris
1168 1491 1631 1557 consuetudinis
1677 1506 1894 1568 tenax,
1938 1513 2057 1555 nec
2087 1492 2233 1555 inde
2270 1490 2611 1557 Ciceronis.

379 1595 583 1657 instar
611 1591 894 1658 floridius
927 1594 1304 1674 eloquentiae
1326 1614 1522 1673 genus
1557 1606 1951 1656 consectatus
1988 1607 2104 1669 est,
2141 1595 2363 1676 priscae
2389 1592 2599 1656 siccae-

386 1711 506 1773 que
548 1689 808 1753 sanitati
848 1701 1134 1753 veterum
1164 1692 1518 1753 Atticorum
1565 1689 1975 1753 adsuefactus.
2019 1691 2103 1751 Et
2125 1689 2246 1752 hoc
2276 1702 2393 1764 est,
2435 1690 2598 1771 quod

382 1789 606 1851 Cicero
637 1799 705 1849 et
728 1788 835 1868 qui
878 1787 1017 1869 ejus
1043 1804 1281 1851 morem
1303 1786 1566 1850 fortasse
1602 1788 1802 1850 secuti
1839 1799 2011 1861 sunt,
2050 1786 2119 1849 in
2153 1787 2351 1849 Bruto
2391 1806 2603 1868 repre·

382 1884 687 1945 heudunt.
722 1885 749 1944 1
757 1884 840 1945 He
869 1882 1121 1963 quidem
1146 1881 1364 1963 saepius
1387 1881 1722 1964 significat,
1755 1883 1922 1945 aliud
1944 1882 2194 1945 dicendi
2219 1900 2412 1962 genus
2439 1880 2595 1959 sibi,

383 1980 552 2042 aliud
583 1983 776 2041 Bruto
809 1980 1203 2061 probandum
1232 1978 1434 2041 videri
1464 1974 1679 2060 (Orat.
1713 1998 1774 2040 c.
1808 1979 1914 2052 71,
1947 1979 2108 2062 Epp.
2138 1978 2217 2039 ad
2262 1980 2397 2039 Att.
2421 1977 2615 2053 XIV,-

379 2076 497 2154 203
540 2077 676 2153 XV,
733 2076 809 2137 1:
854 2075 1019 2140 conf.
1070 2075 1268 2140 wolf.
1322 2077 1404 2137 ad
1457 2075 1739 2138 Marcell.
1785 2075 1958 2160 proef.
2003 2095 2069 2159 p.
2099 2074 2370 2161 XVIII).
2415 2077 2600 2160 Quod

382 2173 561 2256 quale
590 2173 802 2247 suerit,
849 2193 886 2235 e
923 2172 1317 2257 Quintiliano
1344 2174 1427 2245 X,
1477 2175 1535 2248 l,
1579 2172 1727 2249 123,
1757 2169 2031 2256 intelligi
2053 2172 2224 2237 licet.
2253 2170 2377 2235 Hic
2396 2174 2607 2256 magis

381 2271 810 2356 philosophum
841 2290 1023 2352 quam
1051 2283 1364 2334 oratorem
1394 2270 1656 2353 judicat,
1690 2283 1757 2333 et
1776 2272 1846 2333 in
1870 2270 1980 2337 ilio
2021 2289 2258 2350 genere
2288 2285 2609 2354 prestun--

378 2375 682 2436 tissimum
724 2384 1067 2449 auctorem,
1106 2374 1269 2454 quod
1314 2392 1439 2436 non
1475 2385 1723 2436 tantum
1763 2385 1949 2435 recta
1993 2372 2341 2456 scripserit,
2375 2374 2484 2436 sed
2510 2374 2615 2439 ita

375 2472 724 2557 scripserit,
755 2488 828 2538 ut
847 2472 1049 2558 ipsum
1069 2477 1350 2537 animum
1366 2487 1820 2559 praeceptorum
1841 2474 2095 2558 plenum
2117 2475 2424 2536 ostendat.
2444 2477 2605 2555 Quae

377 2570 650 2655 Quintil.
681 2575 799 2649 111,
837 2574 899 2666 β,
925 2573 1031 2648 93,
1062 2573 1273 2647 habet,
1309 2574 1558 2635 nonhuc
1579 2572 1925 2654 pertinent.
1952 2570 2278 2634 Consentit
2300 2590 2444 2634 cum
2472 2570 2601 2637 illis

375 2682 596 2733 auctor
610 2671 779 2734 Dial.
802 2673 881 2733 de
906 2681 1097 2732 oratt.
1129 2690 1191 2732 e.
1227 2669 1333 2745 18,
1365 2669 1437 2732 21
1482 2669 1629 2754 (ubi
1650 2667 2018 2734 orationum·
2037 2668 2173 2751 ejus
2207 2666 2595 2734 debilitatem

377 2772 659 2851 graviter
690 2784 757 2834 et
797 2769 1014 2853 inique
1052 2771 1401 2836 insectatur
1439 2774 1613 2855 Aper
1626 2771 1675 2856 )'‚
1730 2769 1877 2833 coll.
1912 2769 2035 2847 2⁶,
2080 2771 2246 2833 unde
2275 2769 2456 2832 simul
2499 2770 2599 2833 di-

376 2871 605 2933 scimus
648 2873 912 2935 Brutum
947 2870 1244 2936 Ciceroui
1284 2871 1656 2936 discinctum
1710 2866 1927 2957 [immo
1968 2866 2360 2952 disjunctum,
2408 2882 2595 2942 διεστη-

380 2962 533 3058 κότα]
572 2980 638 3030 et
664 2968 950 3042 otiosum,
983 2969 1362 3034 Ciceronem·
1397 2971 1593 3032 Bruto
1620 2967 1890 3030 fractum
1916 2981 1982 3031 et
2018 2965 2326 3031 elumbem
2368 2967 2594 3044 visum,

379 3065 565 3147 idque
579 3065 881 3149 judicium
926 3065 1134 3129 literis
1169 3079 1382 3128 mutuo
1419 3067 1499 3128 ad
1524 3085 1593 3128 se
1630 3062 1796 3127 datis
1826 3065 2032 3148 palam
2059 3066 2294 3130 tulisse.
2327 3069 2408 3129 Et
2437 3070 2613 3149 quod'

376 3166 610 3229 Seneca
648 3166 950 3231 controv.
981 3171 1061 3243 V,
1103 3167 1161 3243 1,
1205 3188 1272 3252 p.
1310 3165 1456 3242 328,
1488 3165 1907 3250 eloquentiam
1948 3165 2080 3250 ejus
2118 3165 2609 3231 sacratissimam-

379 3264 555 3343 dicit,
611 3265 730 3328 hoc
758 3266 955 3347 magis
981 3266 1060 3329 ad
1100 3285 1305 3330 mores
1343 3265 1789 3331 humanissima
1832 3261 2167 3328 severitate
2195 3275 2595 3347 temperatos,

380 3381 639 3444 quorum
674 3366 875 3447 imago
910 3367 980 3429 in
1030 3367 1418 3430 orationibus
1466 3386 1757 3452 expressa
1800 3379 1962 3438 erat,
2007 3380 2293 3448 spectare
2342 3366 2600 3429 creden·

379 3463 528 3524 dum
548 3475 667 3525 est.
696 3465 831 3528 Hoc
851 3486 1045 3546 genus
1064 3467 1316 3530 dicendi
1339 3469 1409 3529 in
1430 3468 1651 3553 primis
1675 3487 1755 3529 ex
1772 3467 2048 3550 Epistola
2069 3468 2342 3550 perspici
2370 3478 2594 3551 potest,

377 3583 518 3646 quae
553 3564 788 3645 legitur
835 3566 1006 3628 inter
1042 3563 1485 3630 Ciceronianas
1526 3569 1604 3630 ad
1644 3569 1926 3631 diversos
1967 3566 2085 3642 XI,
2120 3569 2194 3639 3,
2228 3581 2295 3630 et
2321 3563 2609 3630 Antonio

375 3663 680 3749 iuscripta
705 3679 820 3729 est.
853 3668 996 3729 Non
1023 3666 1516 3751 proetores(nam
1541 3666 1732 3728 etiam
1752 3665 1948 3729 Cassii
1968 3668 2220 3729 nomine
2239 3667 2592 3747 scribitur),

379 3758 550 3825 viros
575 3763 1001 3847 amplissimos,
1037 3764 1116 3825 ad
1143 3763 1461 3826 consulem
1497 3760 1865 3844 reipublicae
1904 3764 2319 3847 perniciosum
2334 3814 2352 3843 ,
2399 3780 2463 3829 et
2499 3763 2593 3828 in·

378 3878 568 3942 super
588 3860 667 3922 ab
690 3881 765 3924 eo
789 3862 986 3937 mos,
1018 3861 1304 3924 scribere
1343 3861 1537 3937 dicas,
1569 3860 1680 3923 sed
1707 3859 2139 3943 philosophum
2153 3861 2412 3927 inimico
2433 3862 2595 3945 inju-

379 3962 509 4023 rias
532 3981 675 4024 suas
693 3964 1007 4026 lenissime
1041 3962 1549 4045 exprobrantem.
1575 3963 1735 4046 Quoe
1755 3980 1946 4023 causa
1981 3974 2097 4038 oet,
2123 3975 2193 4025 ut
2213 3965 2433 4037 Bruto,
2466 3962 2607 4026 non'

380 4062 624 4138 Cassio,
672 4065 864 4127 multo
905 4062 1383 4141 vehementiori,
1438 4064 1761 4149 epistolam
1818 4063 2263 4129 adscribamus.
2316 4067 2550 4128 Addam
2571 4114 2586 4141 ‚

381 4166 523 4247 quia
542 4164 817 4248 pertinet
844 4167 924 4228 ad
952 4184 1054 4228 res
1083 4165 1414 4243 oratorias,
1442 4165 1706 4228 subinde
1719 4184 1937 4229 versus
1956 4167 2152 4230 Bruto
2171 4164 2494 4244 excidisse,
2524 4178 2595 4228 ut

384 4261 604 4326 Crasso
631 4274 695 4324 et
707 4259 1000 4326 Ciceroni
1021 4274 1085 4325 et
1110 4259 1361 4337 Asinio;
1390 4264 1552 4344 quod
1571 4262 1839 4347 Quintil.
1871 4264 2143 4329 ostendit
2156 4262 2272 4343 IX,
2303 4264 2366 4342 4,
2397 4265 2509 4329 76.

453 4426 492 4443 ν
