3367 5417
1820 361 1911 431 28

784 521 845 581 p.
884 498 996 562 961
1024 521 1040 574 3
1095 513 1157 561 et
1174 502 1471 566 Ernestus
1498 502 1566 562 in
1589 499 1761 562 Clav.
1795 499 1961 578 Cic„
1988 499 2146 561 nihil
2165 499 2359 561 ferme
2387 498 2740 578 corrigente
2767 498 2971 562 Scha-

778 597 924 664 tzio'.
950 602 1111 664 Sunt
1145 613 1347 663 autem
1375 621 1413 662 a

1350 741 1357 748 ’
1579 727 1643 778 C.
1670 725 1878 796 Papirio
1903 725 2144 778 Carbone
2569 746 2582 757 ·

1127 957 1137 1022 Ι
1726 952 1793 1006 ab
1817 952 2049 1005 Antonio
2072 966 2365 1006 accusatus.

779 1110 842 1159 c,
862 1110 1105 1163 euhoe.
1120 1111 1179 1161 r.
1199 1111 1262 1162 c,
1284 1110 1353 1160 N.
1375 1035 2969 1162 mmm.

778 1192 854 1261 pl.
894 1196 1020 1257 663,
1055 1212 1087 1246 a
1120 1192 1435 1266 Damasippo
1450 1194 1510 1246 F.
1597 1206 1675 1245 ter
1710 1192 1834 1247 Cos.
1999 1192 2259 1246 militibus
2283 1209 2469 1245 coesus.
2577 1192 2688 1245 Cic.
2731 1191 2770 1245 I.
2807 1214 2857 1246 c.

778 1295 947 1332 caesus
977 1282 1101 1342 671,
1129 1278 1279 1333 solus
1302 1297 1334 1332 e
1358 1298 1441 1332 re·
2008 1278 2131 1332 val.
2155 1279 2294 1331 Max.
2314 1279 2413 1342 lx,
2435 1280 2488 1342 7,
2513 1281 2564 1332 3.

779 1363 1016 1434 publica.
1037 1366 1152 1418 Cic.
1184 1363 1223 1417 l.
1246 1384 1294 1418 c.

778 1477 966 1542 Haud
1004 1497 1154 1540 sane
1203 1489 1397 1560 patet,
1444 1478 1608 1540 unde
1637 1478 1985 1558 Glandorp.
2037 1476 2119 1536 P.
2174 1477 2492 1557 quemdam
2541 1474 2892 1539 Carbonem
2938 1500 2979 1540 a

783 1574 1009 1639 Flacco
1037 1588 1386 1638 accusatum
1426 1575 1648 1655 fugisse
1671 1574 1864 1648 dicat,
1884 1573 1988 1655 qui
2009 1574 2171 1656 apud
2189 1572 2548 1635 Ciceronem
2566 1572 2610 1634 l.
2639 1591 2698 1633 c.
2737 1576 2830 1637 M.
2868 1594 2977 1658 ap·

779 1675 1070 1754 pellatur.
1095 1678 1308 1758 Neque
1333 1695 1488 1758 opus
1522 1694 1668 1739 cum
1703 1674 1926 1752 Pighio
1949 1676 2120 1735 Anu.
2146 1672 2269 1735 vol.
2295 1674 2418 1743 111,
2448 1690 2511 1754 p.
2537 1669 2683 1747 228,
2720 1672 2795 1736 C.
2827 1673 2978 1737 Car-

777 1774 1004 1842 bonem
1048 1776 1123 1841 C.
1165 1780 1235 1839 F.
1281 1779 1353 1838 P.
1420 1776 1502 1839 N.
1544 1773 1868 1837 tribunum
1898 1774 2051 1836 anni
2087 1773 2210 1833 664
2243 1774 2640 1836 constituere.
2700 1775 2983 1840 Plebeios

782 1898 987 1946 antem
1014 1885 1297 1966 Papirios
1326 1883 1648 1947 Carbones
1675 1903 1714 1944 a
1753 1883 2035 1965 patriciis
2054 1929 2071 1958 ,
2125 1881 2498 1946 Cursoribus
2520 1883 2644 1946 illis
2671 1898 2736 1947 et
2761 1885 2980 1967 Mugil-

785 1984 949 2046 lanis
976 1996 1042 2045 et
1081 1983 1323 2047 Crassis
1352 1983 1671 2046 dissedisse
1718 2002 1845 2044 non
1871 1997 1967 2045 est
1994 1981 2243 2044 mirum.
2278 1987 2354 2049 V.
2402 2004 2535 2066 quae
2575 1986 2853 2048 dedimus
2898 1989 2978 2049 ad

787 2082 1051 2142 Brutum
1080 2099 1138 2142 c.
1191 2081 1297 2141 14.
1335 2076 1595 2168 [aDuos
1638 2079 1717 2140 de
1757 2079 1935 2161 plebe
1980 2081 2263 2144 consules
2287 2082 2496 2144 creari
2525 2083 2802 2164 quamvis
2827 2084 2975 2163 legi-

784 2180 905 2243 bus
944 2179 1197 2255 licebat,
1243 2180 1547 2259 religione
1576 2192 1788 2242 tamen
1819 2180 2197 2261 prohibitum
2224 2195 2315 2244 est
2340 2180 2526 2263 (conf.
2570 2183 2705 2245 Liv.
2742 2183 2970 2260 XXIII,

789 2282 898 2367 31)
932 2299 1123 2362 usque
1141 2283 1220 2344 ad
1243 2301 1303 2344 a.
1330 2279 1476 2357 581,
1512 2282 1583 2343 C.
1615 2281 1944 2363 Popillium
1973 2283 2304 2358 Laenatem‚
2332 2283 2407 2344 P.
2439 2283 2664 2344 AElium
2691 2284 2977 2362 Ligurem

787 2385 958 2446 Coss.
985 2385 1066 2446 V.
1100 2381 1401 2445 Niebuhr.
1432 2383 1593 2444 nist.
1626 2384 1806 2445 Rom.
1830 2383 1955 2445 vol.
2010 2385 2132 2459 III,
2163 2404 2227 2465 p.
2262 2382 2366 2444 80.
2399 2379 2461 2470 n]
2505 2383 2684 2447 Conf.
2712 2386 2978 2449 Wetzel.

785 2484 864 2545 ad
901 2485 1080 2546 Brut.
1116 2505 1177 2546 c.
1215 2484 1320 2546 62.

874 2584 1157 2668 Ωυεωῑοι·
1183 2584 1259 2648 C.
1291 2584 1499 2650 Carbo
1527 2605 1584 2646 a.
1633 2584 1780 2659 617,
1812 2584 2097 2646 tribunus
2129 2585 2328 2668 plebis
2356 2606 2414 2646 a.
2454 2584 2597 2660 622,
2632 2585 2826 2665 legem
2869 2589 2981 2649 Ta·

789 2680 1116 2744 bellariam
1151 2683 1401 2747 tertiam
1432 2680 1718 2764 pertulit,
1749 2694 1821 2742 ut
1852 2682 2018 2762 leges
2043 2681 2287 2744 tabellis
2323 2679 2693 2761 juberentur
2726 2696 2790 2744 et
2818 2683 2977 2745 anti-

790 2790 1167 2859 quarentur3
1192 2779 1517 2843 seditiosus
1536 2779 1825 2843 Ciceroni
1856 2775 2058 2840 dictus
2081 2779 2269 2858 Legg.
2301 2778 2411 2854 III,
2453 2777 2554 2851 16,
2604 2779 2766 2860 quod
2785 2781 2982 2844 Grac-

787 2876 890 2937 chi
912 2878 1212 2939 memoria
1241 2895 1379 2939 cum
1400 2877 1735 2941 multorum
1764 2877 2175 2939 insectatione
2203 2875 2524 2958 deplorata
2544 2874 2670 2958 (De
2700 2890 2862 2939 orat.
2890 2879 2976 2949 ΙΙ,

788 2973 905 3052 40)
934 2972 1341 3038 tumultuandi
1359 2977 1615 3058 cupidos
1640 2974 1904 3037 incitare
1924 2976 2267 3037 videretur.
2292 2976 2453 3036 Nota
2475 2974 2542 3034 in
2569 2974 2691 3036 hac
2718 2994 2790 3037 re
2823 2974 2986 3037 Arri-

787 3073 957 3149 cani,
981 3091 1163 3153 quem
1189 3092 1306 3154 pro
1335 3074 1636 3136 concione
1665 3073 1744 3132 de
1772 3084 1970 3134 morte
1991 3071 2268 3136 Gracchi
2290 3072 2824 3150 interrogaverat,
2855 3091 2984 3134 ma-

784 3168 1042 3249 gnitudo
1074 3170 1289 3246 animi,
1332 3167 1567 3232 Velleio
1608 3169 1693 3241 II,
1741 3167 1850 3243 41,
1892 3168 2030 3233 Cic.
2075 3170 2198 3232 Pro
2235 3167 2450 3230 Milon.
2498 3188 2556 3229 c.
2610 3169 2673 3242 7,
2730 3168 2980 3233 Valerio

786 3268 952 3330 Max.
978 3269 1082 3342 vl,
1118 3266 1183 3341 3,
1219 3268 1282 3339 3,
1320 3267 1542 3328 relata.
1575 3268 1807 3344 Legem
1834 3266 2140 3329 Carbonis
2175 3266 2252 3327 de
2284 3264 2554 3327 tribunis
2593 3263 2977 3339 reficiendis,

782 3365 1063 3445 quamvis
1084 3366 1404 3426 adnitente
1423 3362 1498 3426 C.
1522 3364 1816 3428 Graccho
1838 3363 2161 3425 admodum
2186 3363 2594 3440 adolescente,
2633 3364 2983 3426 dissuaden-

781 3463 948 3526 tibus
975 3462 1275 3526 Al‘ricano
1299 3473 1365 3523 et
1379 3462 1566 3523 laelio
1588 3461 1889 3545 rejectam
1922 3480 2108 3543 supra
2146 3462 2557 3542 exposuimus,
2603 3461 2764 3523 haud
2793 3461 2983 3521 dubia

783 3564 946 3625 mala
975 3566 1053 3626 de
1079 3564 1388 3628 Carbonis
1410 3563 1529 3624 fide
1565 3576 1835 3646 notaque
1871 3562 2147 3643 nequitia
2194 3561 2367 3642 vulgi
2402 3560 2871 3635 existimatione,
2903 3561 2986 3622 de

787 3679 908 3740 qua
932 3659 1074 3723 vide
1098 3664 1262 3724 Plut.
1306 3666 1504 3726 Praec.
1534 3662 1747 3722 Politt.
1781 3663 1817 3743 S
1846 3660 1910 3734 4,
1948 3681 2013 3743 p.
2047 3656 2197 3732 801,
2231 3661 2303 3721 Β.
2342 3659 2631 3720 Relatum
2665 3658 2729 3719 in
2762 3669 2982 3717 senatu

786 3759 867 3820 de
888 3757 982 3820 his
1008 3761 1333 3824 conatibus
1358 3775 1424 3826 et
1444 3780 1693 3823 severas
1711 3764 2048 3823 sententias
2065 3758 2263 3820 dictas
2288 3757 2509 3821 Cicero
2523 3761 2577 3821 ἆ.
2603 3778 2661 3820 c.
2698 3770 2977 3819 enarrat.

784 3857 936 3920 Post
954 3867 1289 3936 praeturam
1308 3878 1366 3920 a.
1402 3856 1523 3920 628
1547 3868 1806 3936 gestam,
1832 3855 2220 3916 consulatum
2249 3874 2308 3917 a.
2347 3853 2469 3917 633
2495 3858 2748 3938 adeptus
2768 3854 2982 3927 multa,

781 3957 992 4029 credo,
1027 3956 1416 4037 optimatium
1437 3956 1850 4020 sollicitudine
1874 3953 2023 4030 fuit3
2062 3953 2286 4036 quippe
2314 3973 2476 4017 anno
2510 3967 2649 4038 post
2686 3952 2761 4015 C.
2791 3955 2986 4017 Grac·

780 4055 963 4117 chum
1005 4055 1298 4119 occisum.
1350 4059 1425 4119 lu
1469 4059 1588 4121 hoc
1618 4054 1987 4134 magistratu
2029 4052 2350 4116 ambitiose
2381 4054 2728 4135 potentium
2777 4063 2986 4134 partes

798 4156 1118 4240 amplexus
1142 4170 1256 4232 est,
1293 4169 1361 4218 ut
1387 4158 1687 4219 invidiam
1739 4156 1816 4217 de
1837 4153 2230 4216 triumviratu
2254 4155 2419 4234 agris
2436 4152 2786 4216 dividundis
2808 4163 2874 4214 et
2897 4172 2991 4214 su·
