3367 5417
632 600 828 675 mine
865 599 993 675 sed
1032 623 1115 674 re
1144 600 1298 698 ipsa
1324 600 1650 699 prodiret
1681 602 1962 676 auctior
1987 616 2058 677 et
2084 602 2557 678 emendatior.
2601 601 2831 677 Lucu-

630 724 861 798 lentas
925 723 1196 822 aliquot
1254 722 1655 800 additiones
1716 724 2061 800 debemus
2113 726 2363 824 juveni
2412 725 2832 801 doctissimo

626 844 867 920 Eccssa
886 902 903 932 ‚
964 870 1181 944 quem
1246 860 1759 922 ornamentum
1817 847 1995 922 olim
2056 846 2351 922 Gallicae
2413 847 2830 946 philologiae

619 969 776 1044 fore
802 970 1154 1055 arbitror;
1182 970 1362 1045 alias
1395 970 1599 1068 operi
1639 970 2226 1054 accuratissimo,
2259 969 2456 1068 quod
2483 970 2825 1044 omnibus

624 1092 886 1167 harum
932 1118 1183 1169 rerum
1233 1092 1574 1168 studiosis
1631 1092 2128 1191 maximopere
2188 1093 2785 1169 commendamus
2801 1152 2820 1180 ‚

622 1215 922 1290 Aw‘roml
978 1214 1529 1302 Wsssrnnmmn‚
1603 1215 2020 1289 Geschichte
2075 1218 2203 1289 der
2259 1218 2827 1326 Beredtpamkeit

622 1337 696 1408 in
735 1336 1256 1412 Griecheneand
1283 1338 1428 1411 und
1456 1338 1659 1422 Rom,
1723 1336 1865 1409 vol.
1903 1336 1994 1421 ΙΙ,
2040 1334 2233 1435 Lips.
2284 1340 2493 1409 1835.
2533 1335 2671 1428 Qui
2710 1338 2824 1412 vir

615 1460 1076 1537 doctissimus
1127 1486 1351 1560 quum
1404 1461 1483 1535 in
1539 1483 1906 1535 annorum
1966 1460 2506 1559 computatione
2565 1460 2820 1537 Fastos

616 1581 1063 1685 Capitolinos
1101 1585 1366 1684 ubique
1421 1597 1765 1684 sequatur
1781 1642 1802 1671 ‚
1859 1584 2193 1660 eamdem
2234 1584 2311 1682 in
2351 1584 2495 1660 hoc
2533 1609 2820 1685 quoque

615 1711 805 1787 libro
843 1711 1295 1790 restituimus
1322 1769 1341 1797 ,
1384 1734 1477 1786 ne
1519 1709 1704 1783 sorte
1754 1707 2140 1783 turbentur
2177 1707 2304 1807 qui
2354 1722 2662 1807 utroque
2680 1767 2697 1794 ‚
2747 1707 2818 1782 id

616 1836 809 1934 quod
858 1837 1175 1910 maxime
1231 1829 1652 1915 suademus,
1718 1830 1936 1903 simul
1996 1830 2222 1904 velint
2271 1832 2396 1903 uti.
2451 1830 2818 1906 anssmci

607 1953 937 2030 Eanum·
988 1954 1268 2026 brevem
1317 1951 1694 2025 historiam
1751 1945 2204 2046 eloquentiae,
2257 1945 2538 2021 meritis
2589 1945 2815 2019 laudi-

605 2076 739 2150 bus
793 2073 1067 2150 dudum
1115 2073 1555 2148 celebratam
1571 2130 1590 2159 ‚
1656 2085 1735 2148 ut
1761 2065 2167 2170 'oportebat
2184 2125 2202 2155 ‚
2261 2067 2340 2141 in
2390 2067 2598 2143 initio
2646 2067 2813 2142 libri

609 2198 1020 2300 ponendam
1069 2196 1482 2282 curavimus
1500 2254 1517 2284 ‚
1565 2195 1889 2296 exceptis
1927 2193 2094 2270 inde
2111 2251 2130 2279 ‚
2186 2192 2248 2267 si
2292 2191 2451 2269 fieri
2488 2203 2804 2290 poterat,

614 2320 700 2395 iis
729 2344 889 2419 quae
923 2319 1013 2394 de
1056 2318 1362 2417 singulis
1406 2316 1858 2393 orationibus
1884 2313 2343 2391 disseruntur
2377 2340 2395 2386 :
2427 2314 2588 2388 haec
2610 2313 2809 2389 enim

603 2444 755 2539 jam
779 2438 1202 2537 fragmentis
1230 2440 1407 2540 ipsis
1438 2436 1712 2513 inserta
1730 2435 1991 2510 melius
2017 2431 2511 2532 intelligentur
2529 2447 2602 2508 et
2620 2432 2808 2531 judi-

604 2564 978 2639 cabuntur.
1022 2563 1362 2639 Ceterum
1399 2562 1609 2638 uncis
1652 2563 1802 2637 fere
1848 2558 2276 2634 inclusimus
2318 2581 2481 2656 quae
2519 2557 2805 2655 utrique

603 2689 806 2786 operi
868 2688 943 2762 in
989 2688 1126 2761 hac
1182 2687 1498 2763 editione
1550 2696 2017 2762 accesserunt
2043 2741 2062 2770 ‚
2116 2685 2212 2757 et'
2237 2695 2446 2757 notas
2488 2703 2803 2780 praeser-

604 2813 732 2887 tim
760 2812 1049 2887 criticas
1081 2811 1430 2887 asterisco
1471 2810 1957 2885 distinximus,

2104 2958 2229 3032 Fu.
2285 2955 2368 3030 D.

812 3159 1046 3224 Parisiis,
1094 3160 1212 3212 Kal.
1255 3161 1285 3210 J
1292 3177 1386 3211 un.
