3367 5417
1427 478 1565 550 343

382 621 509 681 lata
558 629 654 680 est
674 616 925 688 locutio,
946 636 1130 699 quam
1146 616 1407 680 hahuit
1389 635 1456 677 ιιι
1487 617 1843 680 laudatione
1870 615 2109 678 funeris
2124 616 2421 690 Marcelli,
2445 636 2585 679 eum

380 716 642 787 diceret,
665 714 845 773 illam
867 717 1220 774 tumtur-m
1243 733 1368 774 mot
1373 719 1431 773 ἐἰ
1446 714 1967 792 devommfbisse.

464 814 820 890 Marcellus,
841 812 1076 878 sororis
1096 813 1355 895 Augusti
1377 814 1560 887 filius,
1610 813 1770 876 obiit
1791 836 1850 877 a.
1869 815 1951 880 U
1974 813 2118 876 730.

462 914 809 980 Exstabant
833 925 1139 994 praeterea
1167 913 1484 976 orationes
1511 912 1819 994 Augusti
1800 932 1870 974 ιιι
1897 929 1981 973 oes
2016 911 2251 986 ineiste,
2280 929 2417 994 quae
2437 913 2579 974 Kal.

372 1012 636 1073 Jauuar.
661 1010 731 1072 in
755 1022 974 1071 senatu
999 1006 1264 1072 recitari
1285 1010 1591 1074 solebant.

464 1111 586 1172 Dio
613 1111 860 1173 Cassius
885 1108 1024 1186 LX,
1051 1113 1114 1183 5,
1143 1111 1220 1172 lU
1247 1133 1264 1172 ἕ
1296 1125 1416 1176 Τότε
1440 1121 1683 1195 ‹HM-fou<
1706 1121 1835 1183 τινὰς
1863 1101 1911 1175 iv
1936 1129 1997 1191 τῇ
2022 1121 2253 1193 νουμηνίᾳ
2276 1127 2360 1173 τοῦ
2386 1140 2437 1172 τι
2482 1123 2587 1172 Αὑ-

382 1209 588 1279 γούοτου
616 1206 701 1259 καὶ
723 1214 808 1261 τοῦ
832 1207 1052 1279 Τιβερίου
1068 1208 1200 1261 κατὰ
1218 1206 1387 1282 δόγμα
1407 1209 1897 1282 ἀναγινωσκομένους,
1922 1210 1986 1268 ὥς
2011 1227 2065 1260 τι
2078 1206 2164 1260 καὶ
2180 1208 2324 1278 μέχρι
2350 1213 2432 1266 τῆς
2452 1208 2589 1260 twi-

370 1319 460 1369 ρας
507 1303 617 1359 τοὺς
637 1302 746 1363 βου)
758 1300 894 1361 tut-&c
926 1301 1319 1373 παρατιίνωθαι,
1347 1305 1551 1356 ἔπαυσεν
1590 1304 1652 1372 (ὁ
1682 1299 1963 1372 Κλαύδιος),
1991 1302 2164 1374 ἀρκοῦν
2192 1295 2312 1354 εἶναι
2339 1302 2511 1370 φήσας,
2540 1305 2586 1352 ἐν

368 1406 478 1462 ταῖς
493 1405 688 1462 σπίλους
705 1405 880 1463 αὖτοὺς
895 1403 1250 1476 ἐγγεγράφθαι.
1285 1395 1574 1476 Idemque
1600 1404 1822 1455 auctor
1844 1406 1972 1454 tres
1992 1406 2335 1474 quatuorve
2361 1391 2587 1453 oratio·

392 1512 502 1554 nes
544 1491 805 1570 Augusti
827 1491 1043 1566 refert,
1096 1512 1244 1572 quas
1284 1493 1414 1574 ipse
1437 1491 1725 1554 finxerat.
1762 1494 1881 1553 Eas
1909 1493 2103 1576 igitur
2133 1493 2447 1572 respicere
2471 1511 2585 1554 nec

386 1588 556 1649 volui
578 1608 697 1650 nec
718 1587 924 1649 debui.

465 1687 615 1747 Tae.
645 1687 812 1746 Anu.
843 1686 893 1759 1,
925 1684 1039 1745 10:
1073 1688 1385 1764 Augustus
1426 1705 1566 1748 cum
1605 1686 1858 1749 Tiberio
1885 1685 2284 1747 tribuniciam
2314 1697 2584 1766 potesta·

375 1797 502 1845 tem
530 1803 570 1843 a
598 1781 879 1860 patribus
907 1801 1154 1845 rursum
1192 1784 1528 1864 postularet
1563 1830 1580 1856 ‚
1618 1802 1986 1865 quamquam
2028 1785 2270 1844 honora
2308 1786 2587 1841 oratione

376 1885 652 1965 quaedam
678 1884 755 1945 de
784 1883 1023 1945 ambitu
1048 1883 1344 1966 vultuque
1372 1898 1437 1946 et
1462 1885 1762 1947 institutis
1790 1884 1925 1968 edus
1944 1882 2212 1966 jecerat,
2249 1902 2382 1963 quoe
2417 1882 2585 1944 velut

372 1986 719 2047 excusando
744 1984 1181 2068 exprobraret.
1930 1967 1939 1976 ⁸

443 2119 696 2188 orat-abne]
718 2120 953 2173 eamdem
977 2120 1269 2172 orationem
1299 2080 1588 2173 Suetonius
1618 2131 1870 2173 memorat
1894 2120 1949 2172 in
1967 2118 2145 2171 Tiber.
2166 2137 2216 2169 c.
2238 2120 2326 2171 68.

468 2255 754 2348 [Augusti
792 2260 1165 2342 scriptorum
1196 2260 1544 2338 fragmenta
1586 2260 1842 2338 collegit
1879 2260 2077 2320 Janus
2110 2257 2475 2338 Rutgersius
2518 2255 2583 2317 in

374 2361 562 2422 Varr.
589 2359 874 2432 Lect.11‚
903 2378 964 2439 p.
1000 2351 1329 2447 141-180.]

907 2577 1160 2650 xctv.
1220 2580 1303 2647 T.
1342 2578 1644 2648 Cassius
1696 2576 2042 2648 Severus-

464 2810 695 2871 Seneca
728 2809 1026 2887 Excerpt.
1050 2806 1350 2869 Controv.
1391 2826 1464 2866 ιιι
1507 2804 1748 2886 praefat.
1774 2825 1838 2888 p.
1862 2805 1983 2866 421
2013 2803 2112 2887 (p.
2152 2807 2273 2868 395
2306 2823 2441 2887 sqq.
2482 2810 2585 2869 ed.

380 2905 590 2989 Bip.):
635 2901 890 2966 Memini
928 2923 1029 2965 me
1072 2923 1107 2965 a
1144 2902 1374 2965 Severo
1401 2901 1616 2965 Cassio
1643 2920 1948 2982 quarere,
1981 2903 2126 2983 quid
2158 2917 2338 2978 emet,
2375 2907 2585 2968 curin

376 2998 931 3064 declamationibus
968 3000 1061 3063 illi
1104 3020 1214 3062 sua
1258 3018 1384 3060 non
1426 3001 1837 3081 responderet
1874 2999 2249 3080 eloquentia.
2301 3003 2377 3062 ln
2417 3002 2588 3064 nullo

380 3101 552 3162 enim
575 3099 694 3162 hoc
719 3097 915 3161 fiebat
939 3094 1298 3161 notabilius.
1328 3092 1552 3158 Oratio
1579 3095 1713 3177 ejus
1737 3110 1878 3159 erat
1896 3096 2134 3165 valens,
2155 3098 2346 3173 culta,
2371 3099 2588 3177 ingen·

375 3196 543 3260 tibus
571 3199 754 3281 plena
784 3198 1134 3260 sententiis.
1168 3200 1361 3260 Nemo
1387 3197 1595 3259 miuus
1621 3216 1839 3279 passus
1864 3209 1961 3258 est
1986 3195 2219 3276 aliquid
2245 3198 2315 3259 in
2340 3196 2591 3262 actione

377 3321 488 3364 sua
513 3301 696 3365 otiosi
720 3321 876 3375 esse,
901 3300 1067 3363 nulla
1092 3319 1241 3381 pars
1257 3313 1416 3374 erat,
1442 3318 1576 3381 quoe
1594 3319 1720 3362 non
1744 3319 1853 3360 sua
1869 3295 2106 3361 virtute
2127 3311 2325 3360 staret
2343 3347 2359 3374 ‚
2398 3298 2581 3375 nihil,

376 3404 445 3463 in
474 3422 594 3483 quo
620 3404 869 3464 auditor
893 3403 1030 3465 sine
1056 3403 1283 3465 damno
1310 3402 1479 3464 aliud
1508 3414 1744 3482 ageret.
1794 3400 2025 3465 Omnia
2064 3400 2332 3476 intenta,
2382 3397 2589 3483 aliquo

376 3502 688 3584 petentia:
709 3519 891 3564 nemo
909 3503 1105 3580 magis
1125 3502 1193 3563 in
1213 3523 1323 3565 sua
1342 3515 1647 3585 potestate
1664 3501 1885 3564 habuit
1902 3501 2287 3563 audientium
2308 3501 2584 3563 affectus.

378 3603 610 3661 Verum
638 3610 756 3671 est,
789 3599 952 3677 quod
980 3598 1056 3659 de
1084 3596 1193 3658 itio
1219 3595 1373 3659 dicit
1404 3598 1615 3662 Gallio
1643 3611 1891 3660 noster:
1919 3598 2073 3657 cum
2100 3599 2354 3672 diceret,
2376 3618 2587 3659 rerum

370 3695 710 3774 potiebatur
727 3720 749 3752 .-
775 3695 931 3753 adeo
960 3713 1179 3753 omnes
1225 3698 1528 3772 imperata
1548 3696 1874 3774 fizciebant
1884 3719 1914 3770 ,-
1953 3716 2093 3754 cum
2134 3695 2239 3754 ille
2272 3696 2583 3769 voluerat,

381 3794 825 3854 irascebantur.
865 3792 1074 3856 Nemo
1113 3812 1234 3852 non
1276 3794 1384 3853 illo
1409 3795 1647 3854 dicente
1673 3795 1954 3869 timebat,
1986 3814 2065 3854 ne
2090 3796 2409 3856 desineret.
2453 3796 2587 3856 Non

381 3904 495 3965 est,
519 3890 685 3974 quod
705 3889 878 3948 illum
903 3909 990 3948 ex
1019 3888 1141 3963 Iu‘s,
1164 3910 1302 3974 qnoe
1323 3890 1536 3963 edidit,
1557 3896 1903 3952 ces-timetis·
1935 3892 2085 3951 Sunt
2104 3891 2351 3976 quidem
2377 3908 2437 3952 et
2456 3892 2592 3954 hcec
2638 3874 2786 3951 226

380 3986 742 4071 quibusdam
765 4000 964 4064 grata.
999 3989 1232 4050 Verum
1261 3986 1613 4068 eloquentia
1641 3988 1776 4071 ejus
1804 3988 1986 4066 longe
2013 3987 2214 4068 major
2241 4002 2381 4052 erat
2406 4009 2590 4071 quam

377 4085 587 4148 lectio.
613 4087 751 4148 Non
769 4086 886 4146 hoc
906 4104 982 4147 ea
1000 4084 1290 4168 portione
1318 4086 1412 4148 illi
1443 4089 1695 4164 accidit,
1721 4110 1842 4170 qua
1871 4089 2158 4150 omnibus
2187 4090 2338 4164 sere,
2362 4092 2587 4173 quibus

382 4185 607 4270 majori
637 4186 1154 4251 commendationi
1196 4200 1293 4250 est
1333 4190 1535 4252 audiri
1579 4209 1765 4270 quam
1802 4191 1948 4269 legi,
1993 4190 2103 4252 sed
2146 4193 2213 4254 in
2254 4193 2365 4256 illo
2404 4195 2587 4275 longe

385 4285 585 4367 majus
613 4284 945 4348 discrimen
972 4298 1088 4348 est.
1121 4286 1398 4349 Primum
1425 4288 1808 4351 tantundem
1836 4300 1975 4351 erat
2003 4286 2069 4351 in
2096 4287 2368 4366 homine,
2386 4313 2581 4374 quan·
