3367 5417
1423 481 1558 553 355

476 643 595 676 mm
611 624 727 696 ejus
753 621 1005 683 11ιὺιίιὶνᾴ
1032 619 1309 675 Car-saucias
1333 619 1588 674 Sam-dos
1604 619 1893 690 pratos-aiu
1911 624 1974 670 at
2000 613 2052 668 ἔτι
2077 616 2300 670 insulan
2316 616 2556 689 deporta-

488 716 658 772 retur,
702 707 931 761 Pontius
972 706 1319 779 Fregellanus
1354 705 1616 758 anates-et
1647 702 1874 757 udinem
1907 700 2223 756 senatorium
2236 722 2256 762 ,-
2290 707 2347 754 et
2373 702 2560 756 eaedem

471 810 641 862 poenoe
678 797 737 844 in
772 791 993 844 Loelium
1025 791 1245 842 Balbum
1278 791 1656 851 decernuntur-,-
1692 787 1753 840 id
1779 786 1986 861 quidem
2016 805 2051 838 a
2085 782 2401 851 laetaaeztibus,
2435 785 2560 858 quia

481 880 679 931 Baffius
702 875 850 931 tmci
855 876 1158 949 eloquentia
1172 875 1474 936 habebam,
1484 882 1769 947 promptus
1785 874 2060 928 adversum
2076 872 2319 925 montes.

411 965 473 1019 ld
491 965 684 1020 accidit
706 983 756 1018 ι.
781 966 847 1018 U.
883 965 1006 1028 ¹189,
1036 965 1097 1019 37
1128 981 1187 1035 p.
1213 961 1345 1016 Chr.

957 1183 1079 1256 CI.
1140 1182 1223 1254 L.
1284 1183 1609 1254 Annaeus
1659 1183 1950 1258 Seneca.

425 1417 657 1481 Consul
687 1414 809 1478 fnit
837 1412 1129 1478 suffectus
1155 1436 1214 1479 a.
1252 1416 1332 1482 U.
1368 1416 1516 1481 814.

424 1512 690 1598 Quintil.
722 1515 801 1590 X,
863 1516 923 1592 1,
973 1513 1091 1576 125
1133 1541 1151 1576 ε
1184 1516 1278 1578 Ex
1305 1512 1616 1579 industria
1643 1515 1949 1579 Senecam
1989 1510 2060 1576 in
2106 1513 2280 1577 omni
2326 1532 2558 1594 genere

340 1619 708 1699 eloquentiae
735 1614 949 1680 distuli
978 1630 1233 1699 propter
1251 1618 1565 1698 vulgatam
1582 1617 1737 1689 falso,
1766 1618 1846 1681 de
1871 1638 1973 1680 me
2001 1615 2381 1700 opinionem,
2411 1615 2558 1697 quia

340 1721 640 1784 damnare
669 1739 808 1782 eum
830 1731 893 1779 et
913 1718 1183 1782 invisum
1215 1739 1457 1803 qnoque
1484 1719 1721 1786 habere
1744 1739 1883 1784 sum
1912 1719 2207 1784 creditus.
2242 1717 2425 1800 Quod
2450 1735 2557 1779 ac·

344 1817 501 1888 cidit
551 1817 729 1895 mihi,
778 1821 925 1882 dum
980 1833 1347 1902 corruptum
1372 1833 1442 1883 et
1466 1820 1758 1884 omnibus
1785 1819 1958 1884 vitiis
1995 1820 2265 1883 fractum
2314 1816 2564 1882 dicendi

340 1936 534 1995 genus
561 1936 864 1981 revocare
904 1918 983 1979 ad
1004 1917 1330 1981 severiora
1344 1915 1585 2000 judicia
1614 1919 1950 1984 contendo.
1982 1921 2138 1982 Tum
2165 1929 2372 1981 antem
2400 1916 2564 1978 solus

344 2011 449 2076 hic
473 2010 652 2075 fere
633 2034 699 2076 ιιι
742 2014 1031 2077 manibus
1055 2013 1544 2081 adolescentium
1563 2012 1705 2078 fuit.
1737 2017 1945 2099 Quem
1972 2036 2098 2078 non
2120 2013 2409 2099 equidem
2434 2031 2563 2074 om·

343 2110 497 2177 nino
543 2114 822 2179 conabar
866 2128 1183 2192 excutere,
1236 2119 1343 2180 sed
1370 2101 1725 2200 potioribus
1764 2114 2051 2199 praeferri
2093 2137 2221 2180 non
2249 2113 2556 2183 sinebam,

342 2235 494 2297 quos
541 2216 648 2278 ille
692 2235 824 2278 non
884 2216 1263 2279 destiterat
1246 2236 1584 2291 incessere,
1634 2234 1779 2278 cum
1825 2214 2059 2280 diversi
2108 2214 2230 2278 sibi
2274 2211 2562 2277 conscius
2611 2204 2746 2280 237

337 2315 612 2397 generis,
662 2315 915 2394 placere
941 2334 1007 2377 se
1024 2314 1093 2376 in
1113 2314 1378 2377 dicendo
1405 2334 1605 2397 posse,
1641 2312 1866 2394 quibus
1895 2314 1989 2376 illi
2022 2315 2373 2395 placerent,
2401 2310 2555 2374 diffi-

340 2413 540 2475 deret.
574 2408 888 2476 Amabant
915 2424 1123 2473 autem
1165 2431 1307 2473 eum
1347 2412 1548 2491 magis
1588 2430 1771 2483 quam
1809 2407 2247 2485 imitabantur,
2285 2420 2559 2472 tantum·

340 2527 459 2589 que
490 2507 570 2571 ab
595 2529 670 2572 eo
699 2506 1075 2583 defluebant,
1101 2522 1406 2590 quantum
1431 2508 1537 2570 ille
1558 2509 1637 2570 ab
1672 2505 1947 2623 antiquis
1974 2509 2406 2573 descenderat.
2433 2507 2559 2571 Sed

337 2609 626 2694 placebat
668 2621 931 2693 propter
964 2610 1096 2672 sola
1121 2605 1302 2686 vitia,
1336 2621 1403 2672 et
1427 2610 1507 2672 ad
1536 2629 1610 2670 ea
1644 2629 1711 2672 se
1747 2608 2002 2690 quisque
2041 2608 2352 2687 dirigebat
2377 2605 2554 2668 effin-

338 2709 569 2788 genda,
587 2726 721 2789 quse
750 2720 1035 2790 poterat3
1062 2707 1290 2770 deinde
1309 2727 1452 2770 cum
1476 2726 1544 2768 se
1561 2709 1837 2789 jactaret
1864 2708 2083 2770 eodem
2110 2707 2294 2769 modo
2318 2705 2554 2773 dicere,

337 2803 644 2868 Senecam
669 2803 1034 2867 infamabat.
1089 2802 1281 2886 Cujus
1309 2816 1374 2865 et
1400 2803 1609 2865 multoe
1639 2802 1875 2885 alioqui
1903 2816 1969 2864 et
2006 2821 2249 2882 magnae
2294 2802 2558 2865 virtutes

338 2905 611 2979 fuerunt,
649 2905 966 2984 ingenium
999 2903 1183 2968 facile
1221 2917 1289 2968 et
1322 2903 1633 2988 copiosum
1647 2951 1670 2979 ,
1713 2904 2047 2987 plurimum
2088 2903 2313 2978 studii,
2359 2902 2557 2966 multa

341 3022 554 3065 rerum
584 3001 855 3081 cognitio
889 3023 905 3063 ε
950 3003 1018 3064 in
1063 3022 1184 3086 qua
1211 3014 1423 3065 tamen
1452 2999 1781 3084 aliquando
1809 3000 1889 3064 ab
1918 3001 2037 3077 his,
2085 2999 2306 3082 quibus
2352 2998 2558 3082 inqui·

338 3103 539 3165 renda
569 3103 846 3184 quoedam
874 3102 1231 3176 mandabat,
1280 3103 1574 3185 deceptus
1598 3114 1804 3164 est....
1835 3097 2164 3169 Tractavit
2195 3100 2387 3163 etiam
2429 3119 2556 3161 om·

337 3223 483 3266 nem
514 3204 643 3266 fere
671 3203 1019 3268 studiorum
1049 3205 1401 3266 materiam.
1435 3206 1597 3266 Nam
1616 3213 1680 3267 et
1706 3208 2011 3266 orationes
2022 3203 2156 3286 ejus
2175 3214 2243 3266 et
2267 3215 2557 3285 poemata

340 3312 407 3361 et
430 3300 700 3383 epistolae
718 3313 782 3363 et
810 3298 1038 3382 dialogi
1060 3299 1371 3364 feruntur.
1492 3301 1565 3370 ln
1599 3295 1991 3385 philosophia
2017 3318 2239 3381 parum
2261 3298 2549 3378 diligens,

340 3402 626 3481 egregius
652 3415 861 3465 tamen
903 3403 1244 3470 insectator
1273 3399 1571 3475 vitiorum
1599 3397 1741 3468 fuit.
1774 3401 1983 3464 Multae
2012 3397 2080 3462 in
2125 3419 2201 3466 eo
2247 3399 2553 3480 claraeque

341 3494 689 3573 sententiae,
718 3498 912 3560 multa
943 3496 1134 3563 etiam
1157 3520 1397 3570 morum
1424 3502 1630 3580 gratia
1660 3500 1948 3580 legenda,
1981 3495 2126 3561 sed
2108 3518 2179 3559 m
2209 3498 2549 3580 eloquendo

340 3607 636 3677 corrupta
658 3595 978 3678 pleraque,
1010 3609 1194 3680 atque
1208 3617 1280 3659 eo
1308 3599 1859 3686 perniciosissima,
1887 3599 2048 3679 quod
2076 3596 2404 3664 abundant
2425 3595 2555 3657 dul·

341 3694 523 3760 cibus
568 3694 762 3760 vitiis.
821 3699 1025 3762 Velles
1065 3719 1205 3767 eum
1253 3720 1362 3763 suo
1410 3696 1669 3780 ingenio
1716 3695 1982 3775 dixisse,
2034 3700 2240 3763 alieno
2284 3694 2548 3780 judicio.

337 3797 532 3860 Multa
586 3799 960 3881 probanda
942 3820 1011 3863 m
1051 3819 1148 3873 eo,
1195 3800 1389 3862 multa
1438 3799 1628 3863 etiam
1676 3797 2048 3864 admiranda
2072 3814 2268 3862 sunt·
2316 3798 2552 3879 eligere

343 3896 527 3958 modo
556 3914 723 3959 curoe
749 3897 853 3970 sit,
897 3899 1060 3979 quod
1087 3896 1330 3961 utinam
1381 3895 1513 3980 ipse
1540 3898 1811 3963 fecisset.
1842 3896 2050 3977 Digna
2077 3899 2246 3961 enim
2289 3894 2408 3958 fuit
2440 3895 2551 3957 illa

342 4003 591 4068 natura,
626 4012 762 4074 quoe
788 3995 1051 4058 meliora
1072 3996 1282 4072 vellet,
1316 4014 1473 4078 quae,
1507 3989 1670 4078 qnod
1695 3995 1913 4070 voluit,
1953 3994 2185 4058 effecit.

407 4155 699 4228 dffj'ideree]
739 4159 857 4212 Huc
902 4162 1138 4231 pertinet
1166 4164 1221 4216 id
1261 4163 1404 4234 quod
1445 4162 1741 4217 Suetonius
1776 4175 1955 4216 narrat
1996 4163 2055 4216 in
2105 4162 2320 4216 Nerone
2353 4179 2403 4214 c.
2437 4160 2502 4218 52
2527 4181 2542 4212 ι

493 4267 519 4295 α
535 4243 806 4298 Libet-ales
832 4245 1147 4322 disciplinas
1173 4267 1356 4302 omnes
1382 4249 1494 4302 fere
1517 4267 1651 4322 puer
1677 4249 1874 4322 attigit,
1895 4248 1988 4304 sed
2015 4267 2047 4304 a
2070 4246 2407 4322 philosophia
2423 4266 2547 4301 eum

477 4345 644 4388 mater
667 4331 876 4401 avertit,
905 4353 1125 4390 monens
1148 4336 1471 4409 imperaturo
1493 4335 1809 4390 contrariam
1837 4356 1983 4404 esse;
2012 4356 2047 4392 a
2074 4335 2372 4411 cognitione
2397 4348 2542 4390 vete-
