3367 5417
1875 476 1966 547 82

829 630 1034 699 causae,
1062 611 1320 697 publicae
1377 614 1442 674 in
1493 608 1926 694 questionibus
1966 607 2280 693 perpetuis
2329 619 2791 675 exercerentur.
2857 611 3034 671 Prae-

834 730 1004 779 terea
1031 713 1286 795 simplex
1303 724 1368 776 et
1383 730 1636 795 prorsus
1656 713 1976 795 antiquum
1994 723 2089 772 est
2105 709 2440 770 verborum
2457 709 3039 788 componendorum

836 833 1048 894 genuS.
1092 812 1178 873 M.
1199 808 1453 872 Catonis
1489 823 1555 871 et
1578 808 1761 872 Ctelii
1804 828 2027 871 nomen
2070 826 2212 869 cum
2253 805 2441 868 etium
2482 802 2635 865 alibi
2676 805 3025 885 permutari

833 911 1169 982 videamus,
1189 906 1447 968 fortasse
1475 906 1580 969 hic
1611 925 1850 988 quoque
1891 903 2113 967 scribae
2145 904 2539 966 aberrarunt.
2585 899 2889 978 scaligeri
2925 922 3028 962 au-

759 1017 768 1025 '
835 1023 958 1072 tem
1001 1006 1346 1073 emendatio
1390 1004 1676 1094 (p.114)
1718 1007 2016 1088 quomodo
2052 1004 2460 1084 intelligatur,
2506 1018 2633 1060 non
2674 998 2828 1062 satis
2865 999 3017 1064 scio.

831 1106 1328 1182 Accusationum,
1359 1125 1510 1189 quas
1537 1118 1689 1183 tres,
1721 1125 1933 1169 omnes
1963 1125 1999 1167 e
2022 1099 2366 1186 republica,
2396 1096 2577 1161 fuisse
2596 1094 2755 1160 dicit
2774 1098 3020 1173 Cicero,

831 1214 966 1274 duae
990 1211 1141 1273 satis
1171 1220 1331 1270 notae
1356 1221 1541 1270 sunt:
1576 1207 1773 1270 altera
1798 1207 1872 1269 C.
1901 1205 2180 1280 Antonii,
2214 1206 2290 1265 de
2315 1200 2694 1284 repetundis,
2721 1220 2799 1262 ex
2827 1202 3027 1265 Mace·

832 1308 1058 1381 donia,
1100 1325 1286 1387 quam
1326 1303 1598 1366 triennio
1635 1303 2177 1369 administraverat
2207 1297 2342 1382 (Or.
2381 1317 2499 1381 pro
2529 1296 2684 1360 Coel.
2723 1317 2781 1359 c.
2810 1297 2873 1370 7,
2919 1300 3021 1371 31;

833 1409 1011 1489 Pigh.
1058 1410 1223 1469 Ann.
1269 1407 1396 1482 111,
1437 1425 1501 1487 p.
1546 1404 1694 1479 334,
1735 1406 1839 1479 40,
1885 1402 2013 1487 41).
2071 1402 2310 1484 Injuria
2337 1400 2685 1483 disceptant
2711 1401 2911 1480 intpp.
2948 1401 3023 1460 ad

831 1505 1101 1589 Philipp.
1144 1508 1229 1580 11,
1272 1505 1378 1577 23,
1419 1504 1735 1587 ejectusne
1762 1505 1830 1566 in
1858 1499 2175 1576 exsilium,
2217 1522 2297 1563 an
2336 1498 2602 1583 pecunia
2628 1500 2920 1562 multatus
2945 1497 3027 1561 sit

831 1600 1160 1665 Antonius.
1208 1600 1328 1665 Sed
1357 1618 1497 1663 cum
1525 1602 1643 1664 hac
1668 1613 1850 1663 aetate
1880 1601 2112 1662 nullum
2152 1598 2281 1660 sola
2319 1597 2511 1659 multa
2538 1594 2751 1658 delicti
2781 1595 3024 1677 culpam

807 1688 1020 1761 -luisse
1058 1697 1428 1783 accepimus,
1472 1710 1603 1758 tum
1645 1694 1900 1761 miseria
1940 1693 2048 1757 illa
2092 1692 2351 1756 Antonii
2380 1690 2447 1754 in
2466 1690 2803 1757 Vatiniana
2831 1712 2891 1753 c.
2921 1694 3022 1766 11,

833 1793 992 1857 etin
1022 1791 1302 1859 Coeliana
1333 1806 1398 1856 et
1424 1791 1494 1856 in
1521 1791 1656 1877 ipsa
1686 1790 2036 1877 Philippica
2064 1794 2148 1865 11,
2186 1792 2289 1865 38,
2320 1788 2565 1864 defleta,
2596 1791 2856 1853 alteram
2888 1811 3027 1852 sen·

831 1894 1094 1958 tentiam
1115 1907 1183 1954 ut
1202 1893 1577 1975 rejiciamus,
1600 1889 1817 1955 efficit.
1853 1894 2010 1953 Nam
2033 1891 2229 1953 solum
2248 1888 2531 1952 exsilium
2550 1888 2640 1953 sic
2658 1888 3023 1972 appellatur.

832 1993 978 2054 Haec
1007 2010 1190 2052 causa
1219 2002 1362 2051 acta
1388 1990 1633 2052 emate
1674 2001 1739 2050 et
1780 1986 1998 2051 Bibulo
2031 1989 2206 2051 Coss.
2234 2009 2294 2051 a.
2334 1989 2481 2064 694,
2516 1990 2672 2070 apud
2700 2001 3025 2069 praetorem

835 2094 950 2153 Cn.
979 2091 1304 2153 bentulmn
1331 2087 1719 2161 Clodianum,
1766 2087 1871 2170 qui
1914 2087 2197 2151 usitatius
2239 2086 2670 2166 Marcellinus;
2714 2108 2832 2169 quo
2859 2108 3029 2151 anno

836 2185 1123 2249 tribunus
1157 2184 1355 2268 plebis
1375 2186 1689 2259 Vatinius,
1725 2185 1984 2247 Antonii
2020 2186 2330 2259 inimicus,
2368 2184 2640 2249 clausula
2678 2183 3032 2268 adjicienda

837 2282 1142 2345 beneficio
1177 2282 1332 2360 legis
1370 2302 1545 2345 reum
1584 2282 1868 2344 exclusit.
1920 2282 2099 2364 Quod
2147 2283 2373 2344 acerbe
2416 2281 2752 2364 exprobrat
2781 2284 3033 2347 Vatinio

839 2384 1088 2455 Cicero,
1121 2383 1225 2463 qui
1267 2382 1336 2442 in
1371 2380 1647 2444 Antonio
1686 2381 2068 2444 defendendo
2096 2380 2325 2443 frustra
2353 2381 2766 2445 laboraverat.
2810 2385 3031 2447 Genus

840 2498 1035 2542 causae
1062 2478 1343 2555 mixtum,
1374 2479 1453 2539 de
1472 2478 1839 2541 Macedonia
1863 2478 2189 2561 provincia
2216 2479 2376 2540 male
2400 2474 2637 2551 habita,
2662 2490 2726 2539 et
2750 2481 3034 2560 perduel-

835 2577 1004 2642 lione
1023 2576 1427 2657 Catilinaria3
1462 2580 1626 2641 unde
1653 2579 1910 2654 factum,
1935 2592 2006 2640 ut
2036 2581 2517 2662 repetundarum
2538 2574 2873 2652 absolutus,
2900 2602 3032 2643 ma-

832 2678 1073 2762 jestatis
1115 2670 1542 2740 damnaretur.
1603 2676 2071 2761 subscriptores
2116 2677 2343 2740 Coelius
2393 2675 2609 2740 habuit
2651 2679 2732 2761 Q.
2775 2679 3036 2741 Fabium

835 2775 1165 2838 Maximum
1215 2785 1279 2834 et
1320 2774 1395 2835 C.
1434 2770 1768 2836 Caninium
1807 2775 2094 2852 Gallum3
2150 2788 2218 2834 ut
2262 2776 2443 2857 paulo
2490 2773 2694 2835 minus
2739 2789 3041 2839 accurate

834 2871 1119 2933 Valerius
1142 2871 1303 2930 Max.
1322 2871 1434 2947 lv,
1454 2870 1517 2944 2,
1539 2870 1600 2944 6,
1628 2890 1666 2932 a
1689 2870 1952 2934 Caninio
1976 2873 2333 2933 damnatum
2356 2871 2695 2935 Antonium
2719 2872 2968 2935 dixerit.
2985 2919 3025 2935 ..

834 2971 1048 3033 Altera
1077 2971 1385 3034 accusatio
1428 2987 1521 3034 est
1555 2970 1629 3033 C.
1666 2972 2019 3055 Sempronii
2063 2973 2338 3034 Atratini
2377 2974 2455 3034 de
2498 2973 2765 3046 ambitu,
2812 2976 3027 3037 eodem

832 3069 1029 3131 ferme
1056 3080 1333 3150 tempore
1358 3081 1519 3143 acta,
1544 3070 1645 3130 vel
1667 3088 1832 3131 anno
1860 3082 2005 3131 ante
2036 3089 2217 3150 quam
2245 3069 2322 3131 ab
2352 3068 2515 3131 illius
2544 3068 2671 3131 filio
2692 3072 3033 3152 postulare·

833 3182 959 3230 tur.
1008 3168 1113 3232 Sic
1152 3170 1369 3232 saltem
1410 3189 1446 3230 a
1488 3169 1707 3249 Pighio
1749 3171 2050 3232 creditum
2093 3184 2209 3231 est.
2261 3170 2385 3233 Sed
2427 3188 2566 3231 cum
2604 3170 2719 3232 filii
2756 3172 3036 3233 Atratini

837 3279 1086 3330 aetatem
1115 3270 1464 3341 considero,
1500 3268 1696 3347 magis
1724 3268 2034 3349 magisque
2060 3269 2127 3330 in
2156 3270 2220 3329 id
2247 3267 2482 3333 inclino
2510 3281 2582 3330 ut
2607 3289 2858 3332 cursum
2881 3270 3033 3332 vim

829 3366 1092 3449 publicoe
1118 3380 1183 3428 et
1210 3365 1415 3453 civilis
1435 3366 1514 3426 ab
1536 3368 1653 3428 hac
1675 3367 1922 3430 actione
1946 3387 2152 3430 orsum
2174 3369 2436 3431 Coelium
2459 3370 2729 3443 credam,
2753 3372 3027 3433 nondum

829 3459 1242 3547 quaestorium.
1275 3461 1564 3524 Ceterum
1586 3461 1768 3544 hujus
1795 3462 2205 3526 accusationis
2234 3465 2388 3527 nihil
2412 3479 2637 3549 praeter
2660 3468 3026 3530 memoriam

830 3574 1050 3625 exstat.
1097 3561 1194 3621 De
1225 3559 1416 3621 tertia
1444 3560 1838 3623 accusatione
1869 3580 1994 3623 non
2023 3562 2175 3624 satis
2204 3562 2415 3643 liquet.
2464 3564 2741 3646 Recepta
2779 3565 3030 3645 quidem

832 3669 926 3717 est
953 3660 1024 3718 P.
1055 3655 1318 3719 Manutii
1344 3657 1670 3733 sententia,
1699 3659 1782 3719 D.
1809 3657 2122 3738 cujusdam
2153 3660 2324 3721 Laelii
2352 3660 2552 3737 fuisse,
2589 3659 2760 3741 cujus
2792 3680 3026 3723 nomen

831 3750 901 3810 in
937 3752 1164 3814 incerti
1204 3753 1325 3816 loci
1364 3755 1710 3834 fragmento
1743 3754 2024 3820 Coeliano
2064 3776 2395 3821 occurrere
2422 3758 2545 3821 viri
2572 3755 2736 3822 docti
2765 3772 3027 3821 notave·

829 3862 979 3911 runt
1006 3852 1084 3911 ad
1111 3851 1482 3947 Quintilian.
1506 3855 1618 3927 vl,
1654 3853 1716 3929 3,
1748 3854 1825 3915 39
1856 3867 1921 3915 et
1951 3856 2059 3929 41,
2090 3854 2197 3918 ubi
2230 3855 2583 3919 festivitatis
2609 3858 2891 3939 exemplo
2921 3876 3024 3939 po-

826 3944 1014 4009 situm
1048 3958 1163 4008 est.
1216 3946 1501 4029 Sequitur
1535 3949 1701 4009 hanc
1740 3948 2111 4011 sententiam
2144 3952 2438 4013 Ernaetus
2472 3954 2541 4015 in
2574 3952 2767 4016 Clave
2793 3951 2933 4017 Cic.
2961 3964 3025 4015 et

826 4040 1166 4106 Wetzelius
1207 4044 1285 4106 ad
1324 4046 1496 4107 Brut.
1542 4063 1599 4105 c.
1630 4043 1738 4115 79,
1774 4063 1987 4106 omnes
2027 4065 2150 4108 uno
2189 4045 2580 4130 Quintiliano
2617 4047 2766 4112 nisi.
2814 4053 3047 4131 Neque·

825 4158 974 4203 sane
1000 4161 1376 4224 magnopere
1407 4162 1543 4205 cum
1576 4138 1939 4223 Spaldingio
1968 4144 2390 4209 contenderim
2411 4190 2427 4219 ,
2471 4162 2679 4211 utrum
2708 4150 2798 4212 D.
2835 4170 2914 4212 an
2949 4148 3022 4207 C.

823 4238 994 4303 laelii
1018 4238 1102 4304 sit
1130 4261 1511 4323 praenomen,
1545 4243 1689 4307 dum
1718 4253 2053 4321 constaret,
2090 4245 2277 4313 talem
2304 4244 2617 4313 hominem
2649 4270 2688 4313 a
2715 4268 3042 4334 quoquam·
