3367 5417
1868 390 1958 457 70

805 534 978 595 tandi
996 530 1138 593 huic
1158 529 1427 609 assignat
1445 530 1832 612 provinciam
1851 553 1866 603 ς
1891 541 2216 609 utrumque
2236 529 2404 589 cuim
2431 547 2556 589 non
2578 525 2717 589 sine
2739 533 3014 610 quadam

806 626 1243 714 probabilitate
1262 627 1469 689 lacere
1492 627 1716 709 potuit.

894 728 998 792 54.
1040 723 1333 807 Sequitur
1355 725 1426 786 C.
1456 725 1811 786 Scribonius
1833 725 1909 785 C.
1946 724 2026 782 F.
2059 724 2263 785 carco.
2310 721 2504 806 Hujus
2533 742 2687 802 gens
2710 724 2822 785 diu
2845 722 3014 787 intra

808 838 1133 907 piaeturam
1162 821 1371 897 stetit,
1404 834 1476 884 ut
1503 841 1770 885 summos
1795 822 2062 884 honores
2091 821 2330 904 primus
2357 816 2644 883 intulerit
2673 817 2754 895 is,
2789 822 2867 885 de
2897 845 3012 903 quo

800 926 1085 988 dicimus.
1139 928 1450 989 Recenset
1493 920 1561 986 in
1604 942 1765 984 rarae
1803 919 2131 984 felicitatis
2173 919 2474 1003 exemplis
2520 918 2765 986 Plinius
2802 925 2882 984 H.
2933 927 3007 985 N.

804 1028 944 1098 vn,
963 1026 1065 1101 12,
1084 1027 1245 1107 quod
1264 1037 1395 1086 tres
1414 1020 1711 1087 continua
1727 1024 1890 1084 serie
1906 1021 2261 1085 exstiterint
2275 1044 2311 1083 e
2329 1021 2682 1085 Scriboniis
2700 1036 3009 1096 oratores;

800 1143 952 1185 avus
971 1119 1327 1206 praetorius,
1354 1120 1527 1205 cujus
1546 1120 1766 1185 Oratio
1787 1139 1903 1203 pro
1923 1120 2061 1184 Ser.
2093 1118 2312 1182 Fulvio
2340 1120 2417 1181 de
2448 1116 2694 1182 incestu
2718 1117 2845 1182 illis
2866 1132 3014 1181 tem·

800 1223 1057 1308 poribus
1084 1224 1362 1308 perlecta
1390 1222 1525 1286 visa
1552 1236 1647 1286 est
1683 1218 1789 1310 [V.
1813 1221 1895 1284 fr.
1929 1243 1994 1305 p.
2025 1222 2142 1284 133
2172 1217 2331 1309 sq.];
2376 1221 2562 1296 alter,
2599 1223 2675 1284 de
2698 1242 2820 1304 quo
2848 1243 3016 1284 nunc

802 1325 1087 1398 dicimus,
1131 1319 1474 1386 consularis
1501 1334 1566 1384 et
1593 1321 2008 1404 triumphalis3
2045 1321 2291 1392 tertius,
2328 1317 2586 1399 ingenio
2614 1340 2874 1396 summo,
2905 1342 3019 1383 vo-

804 1421 1041 1483 luntate
1068 1420 1366 1503 pessima,
1410 1421 1515 1483 sax
1546 1419 1698 1484 belli
1725 1415 1931 1482 civilis
1950 1419 2189 1482 Velleio
2217 1415 2453 1496 dictus,
2496 1420 2593 1495 11,
2635 1418 2741 1483 48.
2793 1421 3024 1482 Noster

805 1522 878 1583 C.
904 1519 1131 1597 Curio,
1174 1543 1355 1604 quem
1395 1537 1640 1607 patrem
1690 1520 1965 1584 dicamus
2010 1521 2194 1595 licet,
2243 1532 2423 1584 natus
2467 1518 2729 1584 circiter
2769 1543 2828 1583 a.
2866 1524 3020 1592 630,

807 1621 1074 1684 maxima
1098 1620 1501 1684 similitudine
1528 1620 1822 1701 ignobilis
1843 1618 2167 1700 cujusdam
2189 1617 2518 1681 histrionis
2540 1618 2852 1681 Burbuleii
2876 1641 3024 1682 con-

804 1730 1083 1782 traxerat
1123 1741 1458 1799 agnomen,
1504 1718 1599 1782 sic
1642 1719 1893 1801 publice
1935 1719 2127 1781 etiam
2167 1718 2236 1780 in
2281 1717 2587 1781 concione
2615 1729 2873 1781 vocatus
2914 1741 3017 1802 ap.

801 1818 1050 1880 Sallust.
1093 1817 1258 1878 nist.
1293 1819 1375 1891 11,
1411 1837 1514 1897 ap.
1552 1815 1984 1890 Priscian.Vl‚
2017 1814 2120 1889 11,
2161 1833 2222 1896 p.
2267 1817 2386 1879 256
2426 1818 2519 1878 ed·
2551 1817 2812 1890 Krehl„
2855 1819 3024 1879 unde

806 1936 932 1978 non
958 1916 1109 1978 satis
1138 1916 1438 1977 consultis
1472 1915 1703 1976 ceteris
1733 1912 2095 1976 auctoribus
2129 1917 2489 1976 Burbuleius
2523 1912 2590 1975 in
2616 1915 2819 1994 fragg.
2849 1917 3017 1978 Sall.

807 2012 1072 2072 illatum.
1103 2010 1267 2073 Sunt
1289 2024 1497 2072 autem
1509 2010 1723 2072 Valer.
1749 2011 1915 2072 Max.
1945 2011 2058 2083 IX,
2079 2011 2181 2086 14,
2202 2014 2262 2085 5,
2285 2012 2522 2074 Plinius
2538 2012 2620 2072 Η.
2643 2012 2695 2072 N
2713 2009 2882 2084 Nn,
2911 2013 3018 2080 12,

805 2126 870 2174 et
896 2133 975 2174 ex
1000 2132 1077 2174 eo
1104 2111 1351 2173 Solinus
1377 2113 1439 2184 1,
1473 2114 1547 2184 63
1596 2111 1764 2171 conl'.
1805 2113 2057 2174 Ruhnk.
2104 2114 2181 2174 ad
2212 2113 2433 2175 Vellei.
2477 2115 2575 2186 Π,
2621 2133 2684 2195 p.
2734 2111 2887 2176 386.
2943 2114 3022 2174 Hi

807 2211 987 2293 plura
1015 2210 1230 2271 eodem
1266 2206 1408 2269 loco
1447 2205 1662 2268 talium
1688 2210 2089 2288 agnominum
2124 2231 2204 2272 ex
2238 2211 2644 2273 similitudine
2674 2210 3022 2274 inditorum

806 2306 1089 2389 exempla
1118 2304 1464 2388 proferunt,
1500 2324 1759 2386 querum
1790 2306 2171 2369 notissimum
2200 2320 2295 2371 est
2333 2312 2404 2371 P.
2441 2308 2757 2392 Scipionis
2791 2310 3023 2371 Nasicae

808 2405 1185 2487 Serapionis.
1239 2404 1577 2468 Curionem
1624 2423 1780 2468 vero
1838 2407 2031 2485 magis
2082 2427 2120 2469 a
2163 2407 2571 2469 similitudine
2627 2420 2911 2470 motuum
2963 2421 3020 2469 et

808 2517 1045 2584 gestus,
1076 2523 1226 2567 sane
1261 2503 1614 2575 ridiculosi,
1655 2523 1842 2584 quam
1875 2505 2118 2578 vultus,
2159 2502 2493 2584 agnomine
2531 2517 2785 2567 auctum
2823 2506 3016 2566 aiunt.

810 2605 886 2665 ln
916 2623 987 2666 re
1015 2615 1143 2664 tam
1172 2604 1345 2666 clara
1370 2615 1438 2664 et
1462 2600 1668 2663 multis
1696 2613 1923 2665 testata
1951 2603 2172 2664 mirari
2202 2603 2401 2679 subit,
2441 2605 2606 2683 quod
2633 2603 2925 2665 Krehlius
2957 2599 3020 2661 in

806 2701 914 2763 illo
955 2702 1089 2784 ipso
1112 2703 1463 2780 fragmento
1490 2697 1891 2773 Sallustiana,
1927 2699 2178 2764 codices
2210 2721 2497 2782 sequens,
2536 2716 2887 2764 monstrum
2921 2721 3023 2762 no·

808 2799 1016 2875 miniS,
1050 2799 1513 2878 Burbulegium,
1544 2796 1887 2861 invexerit.
1932 2796 2230 2860 Codicum
2256 2818 2540 2860 errorem
2572 2798 2708 2881 jam
2743 2798 3026 2864 inaudita

811 2892 1081 2959 nominis
1110 2895 1468 2959 terminatio
1509 2916 1774 2977 arguere
1818 2907 2138 2979 potuerat,
2182 2893 2531 2978 praesertim
2573 2917 2716 2959 cum
2753 2898 3027 2960 editores

808 2999 1072 3062 subinde
1100 2999 1194 3062 sic
1224 3018 1262 3061 a
1282 3017 1434 3062 vero
1461 2999 1752 3061 aberrari
1777 2999 2163 3073 adnotarunt,
2181 3012 2255 3060 ut
2271 2998 2756 3062 Drakenborch.
2784 3001 2866 3062 ad
2887 2995 3018 3060 Liv.

811 3100 925 3174 IV,
962 3097 1071 3170 44,
1098 3100 1161 3170 6,
1205 3108 1272 3160 et
1306 3097 1386 3171 X,
1414 3097 1568 3172 6,1,
1609 3096 1677 3157 in
1700 3094 1999 3174 Appuleii
2033 3108 2099 3157 et
2140 3097 2421 3157 Canuleii
2461 3092 2821 3159 nominibus
2851 3091 3016 3156 fecit.

809 3196 1092 3277 Quaestor
1122 3194 1320 3258 Curio
1348 3191 1537 3255 fuisse
1570 3189 1821 3255 videtur
1853 3213 1912 3253 a.
1943 3189 2092 3268 658,
2128 3213 2267 3257 cum
2296 3195 2511 3256 eodem
2541 3212 2711 3255 anno
2741 3190 3027 3255 tribunus

809 3291 1019 3367 fuerit,
1053 3311 1176 3371 quo
1195 3290 1385 3354 Cotta
1411 3290 1655 3350 futurus
1683 3291 1753 3350 in
1779 3289 1898 3351 hoc
1930 3291 2296 3370 magistratu
2328 3305 2489 3366 erat,
2526 3288 2647 3353 nisi
2676 3292 2816 3371 lege
2837 3292 3026 3356 Varia

811 3394 1150 3473 postulatus
1178 3405 1244 3453 et
1272 3388 1340 3452 in
1376 3385 1662 3453 exsilium
1700 3391 1908 3473 pulsus
1929 3404 2089 3454 esset
2126 3398 2220 3471 (a.
2261 3394 2446 3471 663).
2496 3394 2794 3455 Eamdem
2839 3389 3028 3453 etiam

812 3489 1000 3553 Curio
1030 3488 1303 3553 timuisse
1334 3488 1566 3551 dicitur
1591 3485 1864 3552 Asconio
1899 3491 1978 3552 ad
2007 3489 2454 3555 Cornelianam
2477 3511 2539 3573 p.
2563 3491 2643 3553 73
2667 3490 2768 3551 ed.
2796 3487 3024 3564 Orell.;

814 3606 1006 3667 quare
1030 3609 1174 3652 cum
1201 3589 1371 3654 Sulla
1402 3590 1643 3669 legatus
1673 3588 1790 3651 fuit
1815 3588 1980 3653 bello
2011 3588 2461 3664 Mithridatico,
2509 3601 2574 3651 et
2610 3588 3024 3656 Athenarum,

814 3682 1148 3747 Aristionis
1185 3687 1533 3750 rebellione
1573 3701 1896 3769 captarum
1913 3735 1929 3764 ,
1959 3707 2171 3752 arcem
2193 3687 2435 3751 obsedit
2473 3684 2822 3772 (Plutarch.
2862 3682 3023 3744 Sall.

812 3798 873 3840 c.
910 3776 1039 3861 14),
1070 3793 1135 3841 et
1162 3793 1315 3845 teste
1339 3781 1629 3868 Appiano
1653 3786 1728 3845 B.
1755 3782 2037 3846 Mithrid.
2065 3803 2126 3846 c.
2151 3785 2258 3861 60,
2297 3783 2480 3847 Suuoe
2515 3784 2807 3846 mandato
2841 3776 3027 3842 Nico·

816 3880 1058 3943 medem
1084 3891 1150 3942 et
1174 3881 1661 3949 Ariobarzanem
1690 3901 1868 3963 reges
1897 3886 1967 3946 in
1988 3885 2445 3966 Cappadociam
2464 3884 2745 3949 deduxit.
2787 3881 3029 3944 Afuisse

817 4001 981 4058 eum,
1012 3981 1201 4046 etiam
1228 3984 1448 4049 Cicero
1474 3991 1648 4051 Brut.
1675 4005 1736 4047 c.
1764 3985 1844 4047 63
1875 3998 1940 4047 et
1970 3985 2072 4061 90,
2101 3983 2275 4047 dicit.
2310 3987 2434 4049 Sed
2465 3988 2855 4050 tribunatum
2881 3983 3029 4047 satis

820 4083 1076 4146 tacitum
1106 4099 1408 4164 gesserat,
1445 4104 1769 4173 postquam
1797 4087 1987 4150 semel
2030 4108 2065 4150 a
2107 4100 2234 4150 tota
2264 4103 2401 4150 erat
2431 4087 2740 4152 concione
2770 4084 3026 4150 relictus

824 4179 978 4252 (cic.
1006 4183 1177 4244 Brut.
1208 4207 1239 4246 c
1295 4189 1421 4268 89).
1460 4189 1765 4248 Reversus
1795 4187 1856 4247 in
1886 4182 2201 4247 civitatem
2234 4207 2370 4248 cum
2393 4183 2630 4247 victore
2659 4185 2854 4258 Sulla,
2886 4180 3024 4244 aedi·
