3367 5417
1376 483 1506 556 361

344 625 643 693 seniores,
681 624 903 705 quibus
943 625 1204 688 otiosum
1247 637 1364 697 est,
1407 636 1625 687 vetera
1671 635 1739 683 et
1776 621 2109 704 praesentia
2149 630 2547 697 contendere,

344 723 611 805 primum
637 741 717 783 ex
746 719 848 797 iis,
882 719 988 803 qui
1016 742 1231 784 rerum
1255 719 1444 804 potiti
1469 733 1715 795 essent,
1750 721 2063 782 Neronem
2094 721 2314 782 alienae
2347 722 2558 788 facun-

348 817 466 881 diae
488 820 808 899 eguisse...
857 821 1027 881 Nero
1053 819 1394 900 puerilibus
1420 819 1628 881 statim
1656 814 1846 879 annis
1872 816 2145 879 vividum
2174 819 2449 882 animum
2492 824 2559 885 in

349 920 476 982 alia
496 917 782 989 detorsit,
806 917 1056 989 cetam,
1081 917 1368 1001 pingere,
1392 930 1611 979 omns
1632 928 1739 977 aut
1759 912 2370 996 regimen‘equorum
2391 937 2564 982 exer·

350 1036 516 1093 cere,
551 1030 616 1079 et
657 1017 992 1098 aliquando
1035 1014 1423 1081 earminibns
1464 1013 1815 1099 pangendis
1846 1017 2053 1078 inesse
2094 1016 2216 1078 sibi
2256 1016 2566 1082 elementa

353 1112 651 1180 doctrinm
675 1114 1060 1178 ostendebat.

1013 1371 1198 1448 CVI.
1258 1371 1527 1446 Vibius
1556 1373 1897 1470 Crispus,
2000 1433 2009 1442 .

445 1631 546 1692 De
585 1630 707 1693 boc
749 1625 1000 1692 oratore
1041 1627 1267 1692 multos
1299 1638 1585 1688 veterum
1631 1626 1799 1687 locos
1841 1627 2089 1708 collegit
2126 1630 2461 1712 Rupertius
2502 1632 2581 1693 ad

359 1727 650 1790 Juvenal.
674 1727 813 1790 Sat.
838 1728 952 1803 IV,
980 1727 1085 1788 81.

446 1821 649 1888 Tacit.
671 1820 840 1886 niet.
865 1825 953 1896 11,
987 1823 1103 1883 102
1138 1822 1360 1885 vibius
1385 1820 1648 1903 Crispus
1674 1823 1962 1904 pecunia,
1990 1825 2291 1904 potentia,¹
2330 1826 2584 1905 ingenio
2636 1817 2781 1893 2'13

363 1922 533 1986 iuter
555 1922 758 1984 claros
781 1920 979 1999 magis
998 1939 1182 2002 quam
1201 1917 1372 1981 inter
1390 1918 1611 1993 bonos,
1630 1922 1911 1978 Annium
1928 1921 2257 1996 Fausmm,
2281 1923 2587 2003 equestris

363 2019 632 2093 ordinis,
653 2017 762 2100 qui
783 2016 1172 2099 temporibus
1193 2016 1464 2079 Neronis
1483 2016 1827 2079 delationes
1844 2017 2261 2092 factitaverat,
2279 2021 2365 2077 ad
2387 2027 2588 2100 cogni·

365 2123 606 2181 tionem
635 2133 879 2180 senatus
905 2118 1192 2188 vocabat.

454 2220 622 2282 Dial.
673 2222 772 2282 De
820 2232 1009 2281 oratt.
1063 2239 1126 2281 c.
1175 2220 1213 2282 8
1236 2239 1254 2278 τ
1305 2217 1524 2280 Ausim
1565 2221 1974 2293 contendere,
2019 2219 2381 2282 Marcellum
2424 2221 2591 2285 huuc

369 2317 648 2401 Eprium,
683 2321 761 2383 de
790 2338 912 2400 quo
938 2320 1121 2380 modo
1148 2317 1389 2378 loeutus
1415 2335 1568 2379 sum·
1587 2329 1653 2378 et
1684 2316 1975 2398 Crispum
1992 2318 2241 2380 Vibium
2277 2316 2595 2401 (libentius

371 2411 542 2478 enim
572 2411 752 2478 novis
793 2426 861 2477 et
900 2412 1256 2474 recentibus
1285 2430 1472 2493 quam
1511 2412 1772 2474 remotis
1798 2426 1882 2475 ·et
1922 2412 2272 2477 obliteratis
2298 2414 2596 2502 exemplis

374 2517 538 2600 utor)
560 2535 686 2577 non
713 2511 921 2577 minus
941 2533 1076 2576 esse
1098 2514 1165 2576 iu
1188 2513 1487 2575 extremis
1517 2513 1807 2594 partibus
1826 2525 2137 2577 terrarum
2167 2538 2348 2597 quam
2370 2519 2596 2601 Capuae

371 2631 480 2680 aut
495 2615 828 2692 Vercellis,
855 2616 964 2678 ubi
991 2616 1126 2677 nati
1152 2616 1469 2676 dicuntur.

448 2812 558 2846 non
579 2797 753 2844 tutinus
781 2795 910 2858 oue]
944 2792 984 2844 i.
1020 2809 1072 2843 e.
1105 2790 1311 2854 vivere,
1346 2789 1405 2843 in
1445 2787 1648 2840 bonore
1676 2805 1823 2853 esse,
1854 2790 2069 2861 vigere„
2098 2793 2156 2844 in
2190 2811 2281 2844 ore
2314 2793 2590 2852 horminum

525 2897 743 2932 versari.

466 3043 736 3128 Quintil.
765 3045 843 3118 X,
873 3047 933 3118 1⁴,
959 3045 1078 3106 119
1103 3065 1119 3103 z
1154 3042 1377 3106 Vibius
1406 3040 1660 3124 Crispus
1690 3039 2062 3124 compositus
2103 3055 2167 3106 et
2200 3043 2509 3124 jucundus
2534 3065 2596 3113 et

388 3143 790 3208 delectationi
815 3157 1018 3219 natuS,
1043 3143 1310 3227 privatis
1329 3156 1539 3204 tamen
1563 3143 1765 3204 causis
1786 3163 1969 3225 quam
1990 3143 2257 3228 publicis
2277 3149 2518 3214 melior.

472 3244 565 3305 Id.
591 3244 733 3315 ΧΠ,
763 3242 866 3315 10,
897 3244 999 3318 11,
1031 3241 1478 3325 jucunditatem
1509 3239 1730 3318 Crispo
1760 3237 2004 3303 tribuit.

479 3341 750 3421 Quintil.
772 3345 853 3417 V,
888 3345 988 3416 13,
1032 3344 1154 3409 482
1200 3346 1281 3405 At
1320 3344 1568 3426 quidam
1611 3340 2108 3408 contradictione
2151 3367 2277 3410 non
2318 3355 2598 3415 contenti

389 3457 553 3508 totos
578 3443 767 3508 etiam
793 3445 963 3508 locos
989 3445 1342 3528 explicant:
1375 3449 1532 3510 scite
1567 3465 1635 3505 se
1660 3442 1773 3505 hoc
1802 3445 2073 3507 'dicturos
2098 3449 2510 3526 adversat-1⁶05,
2541 3470 2600 3514 et

393 3548 480 3602 ita
499 3557 945 3622 persecuturos.
979 3542 1161 3625 Quod
1188 3542 1419 3604 Iactum
1447 3555 1708 3604 venuste
1737 3542 1967 3604 nostris
2005 3545 2386 3627 temporibus
2422 3549 2601 3612 elusit

387 3640 613 3703 Vibius
642 3637 924 3725 Crispus,
956 3638 1058 3703 vir
1088 3638 1332 3720 ingenii
1356 3639 1616 3721 jucundi
1644 3654 1709 3703 et
1736 3640 2073 3720 elegantis:
2104 3642 2236 3724 Ego
2272 3641 2447 3725 ι’·ενο,
2490 3651 2597 3712 in-

392 3738 548 3818 quit,
569 3742 690 3798 ista
712 3757 836 3797 non
860 3739 1034 3813 dico,·
1059 3738 1207 3822 quid
1227 3740 1392 3796 enlm
1420 3742 1630 3796 attinet
1653 3738 1761 3797 illa
1783 3736 1873 3796 bis
1894 3738 2018 3797 dici
2036 3736 2070 3795 2

480 3835 575 3896 Id.
591 3836 771 3910 VIII,
792 3837 853 3911 5,
877 3836 948 3898 17
961 3856 978 3896 e
1003 3835 1139 3895 Pro
1159 3833 1411 3913 Spatale
1426 3833 1703 3916 Crispus,
1723 3852 1905 3916 quam
1928 3833 2033 3917 qui
2052 3835 2343 3902 heredem
2362 3857 2606 3906 amator

395 3936 756 3997 instituerat
777 3931 1065 4007 decessit,
1085 3955 1225 3997 cum
1243 3933 1503 4006 haberet
1527 3949 1726 3996 annos
1748 3932 2204 4015 duodeviginti:
2226 3939 2281 3997 Ο
2296 3938 2601 4004 hominem

398 4031 692 4107 divinum,
715 4037 823 4117 qui
844 4032 967 4092 sibi
992 4030 1279 4092 indulsit!

469 4243 571 4296 pro
586 4223 835 4296 Spatale]
860 4236 1048 4278 contra
1073 4241 1230 4294 quam
1254 4224 1435 4278 eadem
1458 4224 1517 4276 in
1541 4242 1703 4277 causa
1725 4223 1861 4277 dixit
1874 4225 2184 4280 Trachalus.
2216 4228 2338 4285 Vid.
2372 4233 2605 4290 adnotat.

548 4310 758 4366 Wolffii
784 4310 850 4364 ad
871 4311 926 4364 h.
951 4309 990 4365 l.

2226 4420 2294 4488 46
