3367 5417
1860 426 1955 499 40

813 585 1116 641 servasse,
1136 565 1299 628 haud
1315 564 1597 630 dubieox
1621 559 1954 628 Posidonio
1975 557 2259 626 tradidit.
2288 560 2386 624 De
2409 570 2609 624 morte
2626 554 2850 621 Rutilii
2871 579 3004 624 non

814 680 1081 734 constat.
1112 668 1270 728 Nam
1303 668 1467 748 quod
1502 667 1804 728 Ernesms
1836 661 1903 725 in
1943 661 2134 726 Clare
2162 658 2299 725 Cic.
2328 680 2405 722 ex
2451 659 2698 722 Tuscul.
2745 656 2864 734 lv,
2895 662 3008 734 17,

812 765 1039 832 leviter
1080 777 1479 846 aegrotantem
1509 764 1590 828 ob
1610 761 1823 827 fratris
1852 762 2163 844 repulsam
2191 771 2452 843 repente
2477 771 2793 822 mortuum
2817 757 3001 837 dicit,

815 866 885 928 in
912 866 1030 926 hoc
1058 866 1133 927 P.
1166 859 1491 945 Rupilium
1514 860 1659 928 Cos.
1708 861 1831 924 620
1868 879 2012 924 cum
2036 868 2252 921 nostro
2294 857 2706 932 confundens,
2746 869 2820 917 ut
2857 871 3009 919 ante

814 966 896 1028 de
930 960 1173 1027 Brossio
1196 960 1569 1036 notavimuS,
1614 957 1866 1040 egregie
1905 956 2365 1030 hallucinatum
2394 960 2472 1021 de
2502 976 2626 1041 qua
2655 978 2728 1021 re
2754 957 3008 1021 Wetze-

819 1060 942 1124 lius
978 1058 1046 1121 in
1074 1059 1242 1143 prael'.
1273 1061 1352 1121 ad
1381 1061 1641 1122 Brutum
1666 1078 1735 1139 p.
1764 1056 2055 1124 LXXVII
2093 1053 2353 1120 monuit.

898 1158 1127 1228 Varias
1155 1158 1256 1222 vir
1279 1171 1407 1221 tam
1431 1156 1697 1222 eximius
1728 1155 1795 1219 in
1838 1177 1971 1221 sese
1996 1157 2210 1220 laudes
2236 1151 2453 1219 sociali
2470 1152 2724 1218 vinomo
2753 1153 3015 1236 junctas

816 1254 1120 1323 exhibuit.
1164 1253 1373 1322 Fortis
1420 1253 1591 1319 enim
1631 1254 1795 1318 bello
1832 1268 1898 1317 et
1929 1252 2062 1336 jam
2099 1252 2587 1316 adolescentulus
2613 1249 2892 1335 Scipioni
2926 1255 3009 1317 ad

814 1352 1214 1422 Numantiam
1244 1351 1727 1434 acceptissimus,
1771 1348 2011 1432 ingenii
2039 1351 2236 1424 cultu,
2268 1347 2488 1414 Stoica
2511 1345 2841 1432 disciplina
2868 1369 3018 1412 eru-

817 1453 1003 1530 ditus,
1025 1466 1094 1515 ut
1111 1450 1371 1516 Panaetii
1389 1449 1656 1527 auditor,
1675 1449 1841 1533 juris
1863 1448 2123 1533 peritus,
2146 1462 2361 1513 orator
2380 1460 2445 1511 et
2457 1445 2861 1512 historiarum
2875 1464 3012 1513 tum

814 1558 1037 1621 Graece
1079 1565 1209 1615 tum
1252 1550 1474 1616 Latine
1521 1550 1795 1636 scriptor
1834 1551 2147 1615 excelluit.
2183 1551 2420 1612 Praeter
2443 1550 2578 1626 hos,
2625 1548 2849 1632 quibus
2873 1548 3013 1631 jam

812 1654 1076 1720 testibus
1097 1653 1193 1718 usi
1214 1673 1438 1725 sumus,
1474 1653 1554 1716 cf.
1586 1651 1726 1717 Cic.
1765 1654 1862 1717 De
1902 1653 2147 1737 republ.
2196 1652 2249 1727 1,
2289 1654 2352 1725 8,
2390 1650 2535 1713 coll.
2576 1653 2679 1727 11,
2721 1665 2791 1716 et
2814 1650 3003 1716 offic.

811 1755 895 1828 11,
925 1754 1024 1829 13,
1057 1772 1177 1834 quo
1197 1752 1334 1813 loco
1361 1747 1511 1812 libri
1541 1749 1677 1832 ejus
1696 1753 1774 1814 de
1798 1748 1944 1831 jure
1982 1749 2158 1813 civili
2187 1749 2548 1822 laudantur,
2573 1769 2658 1812 ex
2674 1769 2795 1831 quo
2812 1750 3012 1812 multu

810 1852 1111 1931 praeclara
1138 1845 1328 1911 etiam
1366 1843 1678 1910 orationes
1716 1843 2098 1910 continuisse
2117 1892 2138 1920 ,
2169 1842 2487 1926 ceteroqui
2514 1843 2763 1926 jejunas
2778 1893 2796 1922 ‚
2843 1842 3010 1909 idem
3139 1889 3150 1896 -

813 1952 992 2012 Brut.
1020 1968 1081 2009 c.
1112 1950 1214 2022 30,
1248 1945 1368 2007 114
1400 1946 1711 2010 observat.
1739 1944 2014 2010 Dederat
2030 1943 2199 2010 enim
2225 1946 2382 2008 seP.
2411 1943 2616 2009 Mucio
2631 1944 3010 2011 Scssvoloein

806 2045 951 2126 jure
972 2042 1403 2107 erudiendum.
1448 2037 1585 2104 Cic.
1617 2040 1801 2106 Offie.
1853 2041 1899 2102 l.
1941 2062 2001 2103 e.
2033 2043 2189 2108 Nam
2226 2039 2506 2124 Opilium
2529 2062 2776 2124 qunque
2805 2064 3013 2123 gram.

813 2141 1108 2208 maticum
1129 2163 1270 2206 cnm
1300 2162 1375 2204 eo
1396 2141 1464 2202 in
1491 2137 1714 2203 exsilio
1735 2141 2126 2204 consenuisse
2155 2139 2488 2206 Suetonius
2506 2144 2604 2206 De
2623 2140 2717 2205 ill.
2741 2161 3008 2223 gramm.

817 2265 875 2307 c.
913 2246 973 2317 6,
1014 2255 1079 2306 et
1110 2239 1519 2326 Symmachus
1545 2241 1704 2322 Epp.
1739 2241 1798 2313 1,
1849 2238 1956 2315 22,
1994 2240 2365 2304 retulerunt.
2399 2242 2577 2308 Inter
2618 2241 3016 2308 virosliteris

821 2339 1189 2406 cultissimus
1217 2360 1357 2405 cum
1393 2337 1690 2423 Scipione
1728 2353 1793 2401 et
1819 2339 2033 2403 Persio
2057 2339 2194 2404 Cic.
2247 2339 2451 2424 (Brut.
2506 2361 2567 2405 c.
2606 2343 2724 2429 26)
2745 2345 3010 2408 eundem

814 2440 1089 2506 Lucilius
1136 2441 1364 2526 posuit,
1396 2460 1522 2505 non
1560 2438 1658 2502 his
1683 2460 1838 2516 sese,
1881 2444 1991 2503 sed
2016 2440 2374 2506 Tarentinis
2407 2459 2474 2506 et
2511 2443 2759 2522 Siculis,
2794 2442 3012 2509 ineun-

817 2540 966 2606 ditis
1001 2540 1385 2614 hominibus,
1431 2540 1709 2606 scribere
1749 2540 2073 2621 professus.
2124 2541 2457 2607 Orationes
2507 2542 2731 2607 Rutilii
2771 2546 3012 2627 paneis-

816 2642 986 2706 simae
1032 2651 1527 2704 memorantur...
1587 2632 1691 2726 [V.
1752 2636 1833 2699 fr.
1879 2656 1945 2720 p.
1996 2634 2174 2727 132]
2229 2641 2355 2702 Res
2383 2641 2697 2704 Romanas
2737 2639 3014 2706 Rutilius

814 2744 1060 2820 Groece,
1095 2761 1266 2806 suam
1299 2741 1492 2806 vitam
1513 2736 1738 2804 Latine
1762 2739 1960 2802 fertur
1991 2737 2334 2822 scripsisse.
2372 2737 2479 2829 [V.
2497 2743 2728 2805 Kraus.
2759 2739 2918 2806 Vitt.
2939 2757 3009 2808 et

815 2847 899 2908 fr.
941 2844 1088 2907 hist.
1151 2862 1217 2925 p.
1256 2843 1377 2906 227
1423 2862 1534 2924 sqq
1545 2839 1591 2931 .]
1650 2837 2070 2905 Hannibalica
2122 2839 2425 2903 Rutilium
2486 2843 2812 2925 scripsisse
2854 2845 3009 2908 dicit

814 2943 1049 3022 Popma
1075 2939 1345 3023 Appiani
1374 2958 1515 3001 usus
1543 2934 1896 3000 testimonio
1914 2934 2074 3009 ’1.6ηρ
2109 2958 2163 3000 s.
2193 2936 2451 3020 Hispan.
2491 2960 2552 3002 c.
2593 2940 2697 3017 88,
2731 2940 3012 3022 quamvis

817 3044 983 3125 apud
1007 3043 1174 3103 hunc
1201 3040 1445 3103 disertis
1472 3037 1684 3104 verbis
1718 3041 1784 3102 id
1809 3039 2077 3118 legatur,
2109 3038 2462 3122 Scipionis
2443 3062 2511 3103 m
2530 3042 2874 3106 Numantia
2899 3044 3014 3107 ob·

815 3138 1071 3206 sideuda
1088 3141 1438 3222 prfflfectum
1457 3135 1641 3202 fuisse
1666 3136 1993 3202 Rutilium.
2026 3138 2315 3220 Ejusdem
2335 3139 2700 3203 memoriam
2729 3162 2868 3206 eum
2892 3142 3007 3207 Isi·

813 3239 1002 3302 dorus
1027 3238 1245 3318 Origg.
1298 3238 1440 3313 XX,
1498 3236 1605 3309 11,
1656 3236 1724 3312 4,
1772 3234 2025 3311 habeat,
2056 3250 2229 3300 recte
2269 3236 2513 3318 quidem
2553 3256 2590 3299 a
2615 3239 2904 3304 Fabricio
2934 3242 3005 3306 in

813 3338 982 3404 Bibl.
1021 3341 1162 3401 Lat.
1195 3341 1316 3414 111,
1346 3358 1412 3421 p.
1448 3337 1570 3399 375
1601 3338 1703 3399 ed.
1744 3338 1898 3399 Ern.
1937 3351 2250 3414 monetur,
2300 3339 2592 3400 Rutilium
2615 3357 2735 3423 pro
2762 3342 3001 3419 sarceio,

815 3438 976 3518 quod
996 3436 1309 3514 vulgatur,
1341 3435 1696 3517 legendum,
1730 3434 1842 3495 sed
1857 3438 2058 3495 vitam
2086 3435 2422 3513 Scipionis,
2452 3450 2524 3499 ut
2540 3434 2705 3501 idem
2725 3442 3009 3505 emenda·

813 3534 931 3611 vit,
964 3531 1281 3619 scripsisse
1317 3552 1619 3614 nusquam
1645 3533 1981 3616 reperitur.
2030 3528 2249 3621 [Codd.
2285 3536 2527 3618 antiqui
2554 3557 2705 3619 quos
2745 3539 3009 3604 vidimus

812 3634 1111 3698 sabastius
1144 3634 1338 3716 Rufus
1380 3634 1458 3693 de
1486 3637 1623 3696 vita
1669 3627 1837 3721 sum]
1873 3634 2142 3697 Dicendi
2167 3652 2363 3714 genus
2400 3655 2520 3717 quo
2550 3656 2694 3699 usus
2719 3649 2833 3712 est,
2860 3657 3005 3703 cum

815 3731 1034 3793 melius
1057 3745 1274 3795 notare
1297 3750 1424 3796 non
1451 3728 1775 3812 possimus,
1807 3751 1993 3813 quam
2014 3730 2237 3795 Cicero
2253 3731 2415 3794 ‘fecit
2446 3733 2625 3795 Brut.
2663 3753 2725 3797 c.
2751 3732 2859 3810 29,
2893 3733 2996 3810 30,

814 3832 946 3894 haec
975 3827 1312 3891 transcribi
1339 3827 1564 3893 inutile
1606 3830 1787 3892 duco.

900 3925 1064 3992 Huic
1101 3926 1295 3998 ferme
1320 3929 1585 4010 aquales
1631 3939 1798 4003 sunt,
1853 3947 2005 4010 quos
2029 3927 2251 3991 Cicero
2289 3931 2483 3992 Bruto
2532 3949 2713 4015 capp.
2771 3931 2880 4006 33,
2921 3931 3000 3995 34

816 4024 1182 4113 composuit,
1227 4026 1298 4088 C.
1326 4027 1526 4089 Galba
1548 4026 1687 4089 Ser.
1720 4028 1804 4087 F.
1843 4023 1940 4114 [in
1966 4027 2049 4090 fr.
2082 4046 2146 4111 p.
2185 4024 2367 4116 134j,
2390 4028 2474 4092 P.
2495 4030 2795 4110 Sa’pioP.
2820 4032 3004 4093 Sera·-

811 4136 1019 4210 pionis
1039 4131 1149 4204 F„
1182 4129 1258 4192 L.
1297 4128 1655 4208 Calpurnius
1682 4130 1916 4202 Bestia,
1957 4128 2027 4189 C.
2052 4128 2299 4192 Flavius
2347 4131 2668 4202 Fimbria,
2687 4133 2828 4198 Cos.
2861 4149 3001 4197 cum

816 4230 893 4295 C.
918 4225 1116 4292 Mario
1139 4247 1197 4292 a.
1226 4227 1347 4298 649
1382 4222 1629 4314 [ΗΜ]
1662 4240 1726 4290 et
1753 4224 1886 4292 alii.
1926 4223 2163 4292 Horum
2190 4246 2372 4293 nemo
2397 4247 2623 4295 nonen
2645 4247 2844 4294 suum
2861 4229 2999 4296 illu·
