3367 5417
1382 494 1508 567 101
1619 520 1628 541 ··

343 649 445 732 jus
471 643 681 721 civile,
713 661 949 706 morem
978 634 1273 713 civitatis,
1300 636 1466 717 leges
1497 647 1562 696 et
1594 626 2131 695 senatusconsulta
2160 626 2548 704 ignorarent,

349 741 803 823 elegantiorum
845 751 1047 800 autem
1092 733 1321 797 artium
1361 732 1561 797 studia
1605 725 1872 811 superbe
1913 724 2306 808 despicerent
2348 714 2551 802 (Dial.
2640 724 2645 737 '

351 865 411 908 c.
437 844 549 918 323
580 840 747 906 conf.
774 844 857 904 A.
880 835 1047 904 Gell.
1070 836 1237 910 xvl,
1264 833 1368 911 10,
1395 834 1674 897 eamdem
1697 825 2097 909 veterisjuris
2130 818 2556 902 ignorantiam

342 942 803 1031 jurisconsultis
826 940 922 1005 sui
947 937 1242 1020 temporis
1266 931 1720 1019 objicientem).
1755 931 1843 991 Ne
1870 939 2077 991 antem
2104 921 2365 986 insaniat
2387 920 2558 1004 plau-

355 1064 458 1107 sus
486 1045 749 1116 deesset,
779 1038 1068 1103 mercede
1098 1033 1631 1106 conducebantur,
1660 1027 1768 1110 q‘ui
1793 1025 2004 1089 dedita
2031 1040 2224 1115 opera
2251 1037 2428 1099 aequa
2444 1016 2562 1077 ini-

355 1162 478 1225 qua
500 1137 761 1203 vocibus
785 1149 852 1200 et
877 1133 1166 1199 manibus
1191 1141 1742 1215 prosequerentur,
1772 1126 1842 1186 u't
1874 1120 1932 1186 si
1967 1142 2095 1185 non
2130 1118 2320 1190 docti,
2353 1129 2560 1179 tamen

333 1232 578 1320 'vulgus
603 1257 736 1300 sese
765 1232 969 1316 decipi
998 1249 1125 1293 non
1152 1230 1419 1292 videret.
1453 1228 1614 1292 Vide
1646 1222 1916 1308 Quintil.
1954 1220 2065 1296 xl,
2093 1220 2157 1292 3,
2186 1215 2345 1285 1263
2390 1212 2559 1277 Plin.

356 1341 514 1422 Epp.
545 1338 629 1412 Π,
657 1335 760 1397 14.
807 1332 1042 1395 Eadem
1070 1328 1256 1412 paulo
1280 1323 1482 1390 serius
1507 1325 1679 1387 inter
1708 1325 1933 1388 Graece
1958 1320 2282 1399 loquentes
2307 1312 2567 1375 inducta

360 1434 610 1499 insania
636 1446 754 1509 est,
797 1449 922 1514 qua
942 1429 1018 1490 de
1046 1446 1142 1503 re,
1183 1445 1317 1508 quae
1345 1423 1642 1507 expositis
1667 1421 1799 1483 fere
1825 1418 2074 1499 gemina
2098 1425 2267 1488 sunt,
2300 1428 2381 1472 ex
2403 1405 2567 1472 festi-

361 1531 617 1597 vissime
644 1531 920 1595 Luciano
945 1545 1274 1608 apponam.
1315 1525 1645 1602 Praeceptt.
1693 1520 1890 1581 rhett.
1932 1536 1989 1578 c.
2028 1519 2098 1579 92
2151 1525 2229 1578 Τὰ
2257 1524 2569 1595 Δημοσθένους

360 1644 499 1711 ἴχνη,
523 1640 608 1695 καὶ
625 1640 904 1701 Πλάτωνος,
930 1632 1128 1708 μεγάλα.
1143 1632 1249 1703 μὲν,
1271 1629 1357 1684 καὶ
1381 1629 1502 1700 ὑπὲρ
1527 1629 1636 1688 τοὺς
1661 1632 1764 1692 νῦν,
1782 1624 1982 1695 &panea
2008 1619 2066 1674 ὃὸ
2086 1620 2183 1679 idn
2211 1620 2297 1673 καὶ
2314 1620 2480 1688 ἀσαφῆ
2505 1617 2571 1669 τὰ
2650 1642 2655 1647 ·

357 1740 518 1795 πολλὰ
545 1741 639 1795 ὑπὸ
661 1745 746 1793 τοῦ
777 1739 972 1808 χρόνου.
998 1764 1085 1778 -
1102 1729 1298 1815 Quasi
1328 1727 1602 1794 Cestium
1634 1724 1906 1806 aliquem
1933 1721 2170 1794 audias,
2213 1740 2349 1782 sese
2385 1736 2575 1809 supra

360 1827 700 1892 Cicerones
721 1824 1165 1894 extollentem!
1213 1830 1293 1890 Et
1321 1826 1411 1888 ib.
1454 1844 1512 1887 c.
1557 1824 1630 1886 17
1659 1844 1677 1883 τ
1721 1826 1764 1888 ὸ
1790 1839 1929 1904 λῆρος
1952 1831 2228 1903 ’moneam
2253 1870 2267 1895 ,
2306 1830 2332 1880 ὁ
2364 1826 2574 1899 χαρίτων

367 1936 563 2008 ἄμοιρος
582 1934 892 2005 saponem,
909 1936 934 1987 ὁ
952 1935 1127 2007 ψυχρὸς
1142 1935 1368 1991 Πλάτων.
1402 1919 1720 1985 Notabiles
1745 1930 2053 2001 praeterea
2072 1916 2199 1977 loci
2218 1924 2368 1977 sunt
2396 1932 2458 1974 c.
2496 1912 2565 1971 11

365 2035 432 2085 et
455 2023 559 2095 15,
583 2022 664 2083 de
697 2019 902 2083 cultus
930 2022 1193 2085 oratorii
1220 2019 1535 2100 elegantia
1562 2030 1629 2079 et
1656 2019 1896 2092 nitore3
1934 2016 2012 2078 16
2036 2015 2115 2077 de
2139 2010 2411 2077 ridiculo
2432 2008 2576 2090 quio-

363 2119 629 2183 rundam
650 2115 1094 2181 vocabulorum
1119 2138 1252 2193 usu,
1281 2117 1630 2181 Atticorum
1651 2112 1923 2195 speciem
1954 2129 2086 2195 prae
2111 2129 2179 2172 se
2207 2107 2573 2179 ferentium3

372 2220 442 2282 17
467 2219 545 2280 de
573 2215 866 2280 obsoletis
886 2217 1132 2295 verbis;
1170 2218 1247 2282 19
1279 2218 1356 2279 de
1382 2212 1652 2279 ridiculo
1679 2223 1746 2275 et
1773 2211 2037 2277 deformi
2062 2222 2274 2290 gestu3
2313 2207 2579 2289 denique

367 2318 440 2383 21
472 2319 551 2381 de
574 2318 897 2384 conductis
923 2319 1279 2400 plausorum
1299 2315 1619 2398 gregibus.
1652 2313 1799 2376 Haec
1826 2314 2038 2379 omnia
2065 2312 2252 2395 plane
2278 2304 2580 2391 ejusmodi

367 2431 535 2493 sunt,
568 2429 640 2478 ut
663 2418 1012 2479 Romanum
1047 2416 1421 2500 Quintiliani
1460 2426 1645 2477 aetate
1679 2413 1904 2478 Graece
1947 2411 2333 2474 scribentem
2369 2408 2581 2486 legere

370 2519 644 2580 videare.
691 2516 827 2580 Hoc
857 2536 1088 2581 novum
1119 2530 1184 2581 et
1208 2534 1470 2599 pravum
1496 2532 1693 2595 genus
1722 2510 1977 2574 dicendi
2007 2530 2048 2573 a
2070 2507 2282 2573 Cassio
2308 2498 2582 2590 primum

367 2621 602 2687 Severo
627 2618 949 2682 inductum
980 2615 1168 2701 (cons.
1205 2615 1376 2679 Dial.
1407 2618 1484 2678 de
1511 2625 1705 2678 oratt.
1732 2634 1792 2676 c.
1824 2613 1926 2691 19,
1951 2609 2060 2685 26,
2085 2609 2278 2674 Wolf.
2302 2608 2474 2693 pref.
2504 2608 2579 2668 ad

369 2720 651 2783 Marcell.
684 2738 750 2800 p.
784 2719 968 2794 XIX,
1016 2718 1163 2782 coll.
1211 2737 1276 2800 p.
1320 2716 1626 2790 XXXIV)
1651 2760 1670 2790 ,
1721 2715 1866 2776 dein
1908 2710 2138 2774 sensim
2168 2698 2483 2788 ingentem
2514 2708 2584 2768 in

376 2823 624 2883 modum
661 2821 958 2883 accrevit.
1006 2820 1164 2882 Nam
1199 2832 1499 2907 quantum
1539 2817 1806 2881 Severus
1843 2833 1882 2876 a
1920 2806 2247 2875 Ciceronis
2283 2810 2580 2883 candore,

377 2935 616 2985 tantum
638 2919 720 2982 ab
730 2918 947 2984 Severi
965 2917 1353 2984 acuminibus
1376 2933 1441 2982 et
1460 2917 1760 2981 libertate
1778 2913 1911 2998 ejus
1930 2912 2276 2976 imitatores
2291 2909 2583 2973 aberant.

377 3025 531 3086 Inde
559 3020 839 3105 quamvis
874 3021 1164 3084 meliores
1202 3028 1298 3083 ex·
1318 3022 1442 3083 hoc
1485 3034 1769 3091 numero,
1800 3016 2165 3087 Latronem,
2198 3012 2582 3082 Passienum,

377 3123 629 3199 Afrum,
667 3122 1042 3189 Trachalum
1060 3169 1082 3197 ,
1131 3123 1342 3186 laudet
1384 3119 1617 3205 peritus
1655 3117 1879 3180 harum
1937 3134 2150 3179 rerum
2198 3113 2588 3185 existimator

374 3224 821 3307 Quintilianus,
855 3242 1153 3305 nusquam
1183 3235 1415 3297 tamen,
1450 3218 1673 3302 quibus
1696 3217 1886 3280 rebus
1912 3211 2248 3277 inferiores
2273 3213 2400 3274 sint
2424 3209 2588 3297 prio·
2716 3270 2729 3285 ,

379 3325 577 3401 ribus,
612 3321 974 3388 dissimulat.
1024 3324 1236 3387 Honos
1276 3335 1478 3385 autem
1515 3320 1634 3385 sori
1675 3340 1861 3402 quam
1902 3316 2199 3379 celeriter
2237 3308 2586 3384 evanuerit,

383 3422 656 3504 Trajano
678 3425 781 3486 vix
807 3424 1133 3499 exstincto,
1165 3422 1236 3486 in
1263 3424 1577 3486 Frontone
1619 3416 2197 3490 animadvertimus,
2241 3432 2423 3496 quem
2466 3431 2591 3472 suae

379 3524 578 3586 oetatis
604 3523 734 3587 fere
762 3523 1256 3597 disertissimum,
1282 3542 1659 3586 summorum
1684 3521 1964 3584 virorum
1985 3514 2409 3580 familiaritate
2431 3512 2589 3574 cele-

378 3625 651 3697 bratum,
681 3637 745 3687 ct
767 3623 928 3706 quod
951 3620 1149 3704 majus
1177 3634 1294 3697 est,
1324 3624 1411 3685 Μ.
1440 3622 1681 3685 Aurelii
1706 3619 2011 3683 Antonini
2038 3628 2506 3700 praeceptorem,
2537 3613 2590 3675 si

383 3723 539 3786 nihil
561 3723 751 3802 aliud,
778 3734 988 3785 tamen
1012 3719 1507 3782 semibarbarum
1530 3737 1665 3781 esse
1689 3735 1817 3781 non
1841 3715 2124 3778 decebat.

1261 4057 1725 4087 *-
