3367 5417
1334 466 1422 538 57

288 628 411 674 nee
455 618 601 671 aute
638 608 803 670 hanc
845 618 1086 682 {etatem
1114 606 1438 670 tribunum
1476 605 1678 691 plebis
1718 625 1792 669 eo
1834 608 2085 688 nomine
2115 605 2480 689 reperimus.

289 707 416 772 Sed
449 707 593 771 Ser.
625 703 887 788 Sulpicii
920 704 1069 780 lCti,
1094 705 1202 785 qui
1234 724 1375 769 cum
1407 705 1491 766 Μ.
1517 703 1813 766 Marcello
1853 703 2072 766 consul
2099 702 2216 765 fuit
2248 725 2304 765 a.
2333 706 2478 778 702,

285 818 352 868 et
378 802 557 886 cujus
591 821 939 881 cognomen
977 800 1120 863 Rufi
1162 803 1595 883 cognationem
1637 821 1780 863 cum
1822 814 2035 865 nostro
2076 803 2479 879 demonstrat,

283 903 484 967 fllium
506 903 828 966 tribunum
846 903 1064 965 habuit
1087 923 1288 966 annus
1310 903 1467 978 7063
1498 916 1565 966 et
1590 902 1746 964 alius
1774 906 1848 966 P.
1872 899 2185 986 Sulpicius
2209 900 2368 966 trib.
2394 903 2479 985 pl.

282 1000 516 1065 dicitur
542 1001 611 1063 in
628 1003 815 1063 Verr.
846 1001 898 1073 1,
931 999 1030 1076 10,
1066 1014 1138 1063 ut
1179 1014 1374 1066 totam
1412 1012 1660 1079 gentem
1698 998 2004 1083 plebeiam
2033 999 2262 1063 factam
2288 1001 2483 1062 dieas.

280 1098 575 1164 Ceterum
590 1100 668 1160 cle
684 1098 1009 1160 conatibus
1024 1112 1090 1160 et
1108 1112 1308 1162 morte
1326 1098 1520 1162 nostri
1538 1095 1801 1179 Sulpicii
1817 1117 1877 1158 v.
1900 1096 2088 1160 Auct.
2109 1100 2189 1160 ad
2202 1100 2483 1161 Herenn.

282 1203 372 1276 ΙΙ,
398 1201 515 1276 183
560 1201 611 1275 1,
645 1201 754 1277 153
797 1199 1016 1263 Vellei.
1055 1202 1138 1272 ΙΙ,
1171 1202 1281 1269 182
1328 1199 1597 1282 Appian.
1636 1200 1711 1261 B.
1741 1196 1879 1263 Civ.
1910 1200 1962 1269 1,
1997 1197 2079 1262 60
2097 1221 2125 1272 3·
2161 1200 2483 1262 Plutarch.

279 1302 438 1367 Suu.
464 1324 521 1365 c.
552 1301 652 1374 1ος
678 1302 816 1364 Liv.
841 1303 993 1384 epit.
1023 1302 1328 1366 LXXVII.
1362 1301 1495 1365 Cur
1515 1321 1657 1364 cum
1678 1302 1760 1384 Q.
1786 1302 2082 1384 Pompeio
2104 1300 2275 1376 Cos„
2309 1299 2487 1383 cujus

286 1402 489 1486 primo
514 1402 626 1463 illo
650 1402 915 1463 tumultu
954 1400 1117 1464 filius
1158 1400 1400 1465 occisus
1443 1414 1567 1478 est,
1614 1397 2043 1463 acerbissimas
2078 1400 2337 1464 offensas
2377 1402 2489 1465 ha-

285 1502 524 1576 buerit,
569 1520 712 1565 cum
737 1513 885 1561 ante
912 1499 1449 1581 conjunctissimus
1477 1500 1689 1562 fuisset
1706 1545 1723 1574 ‚
1757 1519 1882 1562 nou
1910 1502 2201 1562 traditur.
2233 1501 2313 1562 V.
2347 1499 2487 1565 Cic.

287 1598 438 1661 Lael.
464 1619 523 1660 c.
554 1598 616 1673 1,
643 1596 705 1671 6,
734 1597 831 1657 De
854 1608 1019 1657 orat.
1048 1598 1156 1671 ΙΙΙ,
1189 1597 1248 1658 3.
1280 1593 1616 1660 Orationes
1636 1592 1902 1675 scriptas
1927 1615 2057 1659 nou
2081 1597 2356 1678 reliquit,
2383 1594 2491 1679 qui

287 1695 592 1773 genuinus
616 1691 800 1774 hujus
828 1688 1068 1770 ingenii
1096 1692 1279 1753 l'oetus
1312 1704 1541 1751 essent.
1588 1692 1753 1751 Nam
1779 1709 1913 1770 quae
1933 1693 2119 1770 vulgo
2146 1690 2486 1766 ferrentur,

291 1810 399 1852 eas
427 1791 497 1851 P.
531 1787 853 1860 Canutius,
891 1788 1080 1849 homo
1113 1788 1352 1861 doctus,
1394 1805 1583 1866 eques
1609 1787 1692 1848 R.
1730 1786 2047 1868 scripsisse
2071 1786 2344 1849 creditus
2372 1800 2489 1851 est.

303 1881 411 1973 [V.
436 1885 516 1946 fr.
543 1903 605 1965 p.
635 1882 754 1946 164
777 1877 904 1968 sq.]
950 1883 1031 1943 Et
1050 1879 1361 1977 Sulpicius
1390 1882 1522 1963 ipse
1555 1881 1865 1943 confessus
1886 1896 2000 1958 est,
2030 1904 2098 1945 se
2120 1902 2324 1964 neque
2344 1903 2494 1946 con⁸

291 1999 497 2044 suoese
520 1977 824 2054 scribere,
856 1996 1058 2060 neque
1079 1997 1288 2060 posse3
1320 1996 1439 2039 nec
1460 1975 1624 2039 enim
1647 1979 1863 2041 doctus
1881 1980 2018 2041 fuit.
2049 1981 2263 2063 Quare
2284 1981 2496 2043 omnia

289 2079 462 2144 casui
490 2091 557 2142 et
581 2099 660 2141 ex
683 2090 963 2161 tempore
991 2075 1240 2140 dicendi
1271 2075 1548 2161 periculo
1577 2076 1956 2143 commisisse
1981 2081 2327 2143 credendus
2357 2094 2490 2156 est3

291 2180 399 2245 vir⁴
416 2193 639 2244 natura
656 2198 940 2258 maguus,
966 2199 1116 2243 acer
1138 2179 1205 2242 in
1227 2176 1443 2263 primis
1472 2194 1536 2242 et
1565 2192 1697 2241 tum
1723 2180 2060 2243 verborum
2088 2180 2353 2262 insignis
2382 2202 2495 2245 vo·

289 2277 624 2353 lubilitate,
658 2290 789 2339 tum
817 2277 1065 2338 actione
1088 2265 1313 2356 grandi
1340 2289 1405 2337 et
1432 2291 1716 2340 venusta.
1749 2276 2085 2358 Haecoeuim
2106 2297 2243 2359 quae
2269 2291 2496 2342 natura

290 2379 445 2440 dare
469 2374 681 2459 possit,
706 2374 972 2436 maxima
998 2373 1068 2435 in
1094 2392 1169 2436 eo
1195 2373 1400 2449 iniisse,
1426 2373 1649 2437 Cicero
1670 2376 1854 2436 Brut.
1878 2396 1936 2437 c.
1991 2377 2099 2449 55,
2132 2377 2231 2439 De
2254 2388 2416 2439 orat.
2437 2377 2493 2450 1,

295 2479 402 2552 293
428 2479 627 2552 111‚8‚
653 2476 976 2551 concedit3
1003 2474 1262 2537 defuisse
1283 2486 1487 2539 autem
1510 2487 1737 2550 artem,
1762 2477 2092 2538 sanitatem
2112 2490 2178 2539 et
2193 2478 2494 2560 leporem.

296 2582 400 2642 lta
430 2575 641 2641 Crassi
683 2574 931 2658 quidem
971 2575 1235 2637 similem
1266 2574 1530 2638 voluisse
1555 2575 1728 2649 fieri,
1761 2578 1869 2637 sed
1912 2589 2140 2640 natura
2182 2591 2377 2643 totum
2422 2580 2501 2641 ab

295 2678 575 2744 Antonio
594 2677 955 2762 pependisse
978 2673 1134 2737 ibid.
1162 2679 1252 2754 ΙΙ,
1287 2679 1394 2750 21,
1428 2692 1603 2740 recte
1629 2677 1974 2760 judicatur.
2012 2679 2223 2742 Verbo
2256 2680 2333 2742 de
2368 2680 2498 2742 lau·

296 2776 487 2839 dibus·
500 2774 834 2838 assentitur
850 2769 1122 2834 Velleius
1143 2774 1231 2849 ΙΙ,
1260 2778 1321 2839 9.
1367 2771 1613 2855 Reliqui
1641 2786 1886 2847 tacent3
1925 2793 2070 2837 nam
2106 2793 2305 2857 neque
2337 2775 2494 2840 scri·

299 2888 475 2958 ptum
510 2871 842 2955 quidquam
875 2867 1162 2952 reliquit,
1204 2891 1405 2952 neque
1441 2873 1636 2943 sama,
1686 2871 1807 2933 nisi
1837 2868 2165 2935 Ciceronis
2200 2875 2496 2956 praedica·

300 2969 496 3048 tione,
529 2988 712 3053 quem
753 2967 1142 3032 ambitiosum
1175 2969 1556 3032 laudatorem
1586 2967 1773 3049 vulgo
1808 2982 2175 3047 cognorant,
2212 2971 2494 3054 sequenti

298 3074 473 3135 aetati
502 3069 795 3136 innotuit.

386 3173 492 3235 45.
524 3176 700 3236 Tunc
715 3173 833 3234 fuit
860 3171 1048 3233 etiam
1073 3168 1146 3229 C.
1168 3169 1366 3231 Julius
1392 3170 1610 3232 Coesar
1620 3170 1847 3231 Strabo
1869 3162 2086 3260 [etiam
2109 3171 2416 3249 Vopiscus
2437 3185 2505 3234 et

303 3269 696 3355 Sesquiculus
720 3268 945 3342 dicum,
985 3268 1322 3329 secundum
1358 3268 1519 3329 Mar.
1556 3268 1951 3330 Victorinum
1988 3269 2087 3331 De
2125 3268 2402 3347 orthogr.
2445 3271 2497 3344 1,

303 3386 371 3449 p.
392 3361 619 3456 2466],
669 3367 753 3449 Q.
783 3366 990 3429 Catuli
1022 3362 1276 3446 majoris
1306 3364 1520 3439 frater,
1555 3376 1754 3427 matre
1776 3364 1909 3446 ejus
1928 3365 2195 3447 Popillia
2216 3366 2505 3429 secundis

306 3462 545 3549 nuptiis
578 3468 648 3526 L.
684 3463 916 3528 Caesari
949 3464 1089 3528 Sex.
1127 3467 1199 3523 F.
1233 3464 1452 3546 juncta
1490 3462 1651 3549 (Cic.
1694 3466 1791 3527 De
1825 3479 1987 3529 orat.
2018 3469 2113 3540 11,
2150 3465 2270 3549 11).
2315 3469 2509 3528 Natus

308 3560 562 3626 videtur
593 3579 759 3622 anno
785 3560 914 3622 fere
945 3561 1091 3634 627,
1122 3573 1193 3620 ut
1223 3572 1489 3641 quatuor
1525 3562 1626 3622 vel
1669 3563 1944 3643 quinque
1974 3575 2040 3624 et
2067 3561 2292 3643 viginti
2326 3561 2508 3627 annis

310 3660 511 3721 fratre
544 3657 752 3720 minor
786 3650 996 3731 fuerit,
1030 3675 1214 3737 quem
1250 3676 1312 3716 a.
1340 3654 1455 3716 631
1488 3655 1885 3733 magistratus
1917 3655 2147 3740 petisse
2185 3674 2507 3723 consenta-

312 3780 497 3823 neum
527 3773 644 3823 oeto

404 3862 689 3943 Quaestor
710 3858 828 3920 fuit
852 3879 912 3920 a.
944 3859 1101 3931 6583
1149 3875 1295 3918 nam
1332 3875 1393 3918 a.
1437 3857 1556 3919 663
1595 3858 1792 3921 aedilis
1826 3873 1987 3936 erat,
2032 3862 2149 3925 Cn.
2193 3860 2510 3945 Pompeio,

324 3963 397 4024 L.
424 3961 646 4022 Porcio
663 3961 835 4024 Coss.
866 3959 939 4021 V.
966 3956 1105 4020 Cic.
1128 3959 1302 4019 Brut.
1335 3977 1392 4019 c.
1428 3960 1531 4024 89.
1580 3963 1651 4022 ln
1689 3961 1808 4023 hoc
1840 3960 2208 4042 magistratu
2243 3961 2517 4044 quotidie

322 4060 819 4125 eccm-atissimae
838 4061 1167 4122 conciones
1184 4058 1426 4130 habuit,
1450 4073 1581 4123 tum
1601 4063 1679 4124 de
1698 4063 1990 4126 universa
2013 4061 2359 4146 republica,
2385 4073 2519 4123 tum

325 4171 397 4221 ut
424 4154 983 4221 extraordinariam
1009 4154 1357 4218 consulatus
1382 4176 1459 4219 ex
1485 4159 1776 4221 aedilitaoe
1802 4159 2165 4242 petitionem
2189 4158 2268 4220 ab
2287 4158 2523 4222 invidia

329 4256 707 4324 defenderet.
739 4254 878 4339 Qua
913 4254 979 4316 in
1012 4253 1308 4335 petitione
1331 4254 1737 4330 adversarios,
1767 4270 1835 4317 ut
1855 4258 2270 4322 acutissimum
2292 4257 2366 4317 P.
2394 4258 2523 4317 An·

2299 4368 2332 4416 8
