3367 5417
1847 445 1928 516 10

781 595 1069 669 magnum
1098 585 1215 651 hoc
1239 587 1390 650 dicit
1422 585 1645 649 Cicero
1665 588 1842 650 Brut.
1868 608 1926 648 c.
1969 587 2040 648 {4
2066 634 2080 660 ‚
2109 587 2380 648 nondum
2418 586 2554 664 lege
2579 583 2799 647 Moenia
2821 581 2987 647 lata.

779 690 859 749 V.
911 685 1192 750 Gronov.
1251 683 1429 748 obss.
1478 687 1543 758 1,
1592 685 1708 760 253
1763 682 2193 749 Wachsmnth.
2252 682 2405 744 nist.
2463 683 2642 744 Rom.
2701 701 2773 763 p.
2807 682 2986 745 337.

768 785 963 869 ’(Οοε.
998 802 1137 850 erat
1170 786 1351 849 annis
1388 785 1511 849 446
1549 798 1613 848 et
1643 783 1829 870 447.)
1858 789 1934 848 In
1972 786 2282 866 gravitate
2308 783 2488 867 hujus
2514 784 2641 846 viri
2671 776 2984 848 laudanda

772 890 1000 950 multus
1021 900 1115 951 est
1141 887 1396 963 Cicero,
1431 907 1549 949 nec
1590 886 1852 949 sortasse
1882 886 2138 972 injuria.
2186 885 2342 949 Cum
2372 886 2539 947 enim
2570 881 2711 945 fleri
2738 885 2978 966 potuit,

771 996 838 1045 ut
866 985 1093 1047 ferocis
1120 983 1551 1047 adolescentiae
1578 1003 1826 1046 erroroe
1847 985 2198 1066 compositae
2228 983 2425 1045 aetatis
2455 982 2790 1043 virtutibus
2815 998 2978 1043 com·

767 1095 1181 1162 pensarentur
1216 1078 1408 1164 (quin
1455 1080 1643 1143 etiam
1692 1081 2034 1143 caecitatem
2068 1079 2311 1159 ingenti
2347 1079 2556 1141 animo
2595 1079 2810 1141 tulisse
2857 1077 2976 1141 fer-

766 1183 906 1269 tur)
929 1210 946 1260 3
973 1196 1104 1245 tum
1136 1203 1280 1246 casu
1307 1193 1417 1244 suo
1459 1201 1586 1244 non
1626 1182 1954 1265 impeditus
1990 1201 2104 1244 nec
2137 1179 2398 1263 publicas
2425 1199 2544 1241 nec
2573 1179 2835 1262 privatas
2876 1179 2975 1241 rei

763 1280 976 1350 defuit,
1009 1292 1080 1340 ut
1104 1279 1269 1342 idem
1298 1277 1520 1341 Cicero
1542 1275 1747 1360 (Tusc.
1782 1281 1862 1353 V,
1900 1276 2000 1360 38)
2031 1278 2346 1356 ingentem
2376 1277 2622 1338 domum
2645 1323 2661 1352 ,
2693 1296 2974 1356 magnas*

765 1398 884 1457 que
913 1375 1232 1440 clientelas
1263 1376 1343 1437 ab
1371 1396 1445 1438 eo
1472 1396 1621 1438 sene
1648 1389 1715 1439 et
1741 1385 1898 1439 ca‘zco
1922 1387 2098 1438 recta
2130 1394 2262 1437 esse
2281 1374 2529 1436 dixerit.
2563 1376 2783 1436 Foedus
2811 1378 2971 1455 Pyr-

765 1475 865 1535 rhi
906 1475 985 1536 ab
1030 1495 1104 1536 eo
1144 1476 1479 1536 discussum
1518 1474 1743 1556 passim
1784 1471 2106 1538 celebrant
2151 1471 2506 1554 scriptores.
2540 1473 2713 1549 (Liv.
2737 1516 2754 1544 ‚
2779 1472 2921 1535 Cic.
2946 1517 2965 1545 ,

762 1571 1020 1634 Sueton.
1051 1572 1191 1634 Tib.
1223 1591 1279 1632 c.
1316 1573 1390 1647 2,
1427 1569 1570 1634 Val.
1601 1574 1767 1633 Max.
1797 1571 1981 1645 vm,
2023 1571 2123 1645 13,
2160 1570 2195 1630 5
2218 1613 2234 1642 ,
2271 1567 2592 1631 Plutarch.
2621 1570 2691 1631 in
2722 1571 2970 1652 Pyrrho

760 1689 820 1728 c.
856 1670 957 1731 18.
991 1690 1127 1750 sqq.
1161 1668 1311 1730 etin
1332 1687 1583 1750 opusc.,
1619 1670 1725 1728 An
1751 1668 1886 1729 seni
1909 1669 1991 1728 sit
2014 1685 2148 1745 ger.
2188 1681 2355 1748 resp.
2392 1668 2429 1748 §
2459 1667 2567 1741 21,
2593 1685 2657 1748 p.
2695 1668 2850 1740 794,
2877 1670 2959 1744 D.

759 1764 914 1845 alii.)
952 1763 1071 1854 [V.
1114 1767 1217 1827 Fr.
1267 1786 1333 1848 p.
1380 1765 1407 1825 1
1456 1760 1587 1853 sq.]
1635 1763 1835 1837 Hinc,
1877 1782 2062 1845 quem
2097 1781 2224 1824 uno
2271 1782 2382 1826 ore
2413 1782 2627 1825 omnes
2669 1763 2965 1826 disertum

758 1875 1014 1937 vocant,
1041 1862 1111 1922 in
1133 1862 1338 1923 literis
1367 1879 1607 1941 quoque
1636 1859 1772 1942 plus
1801 1860 1939 1921 aliis
1969 1859 2196 1921 vidisse
2221 1857 2548 1942 probabile
2575 1873 2691 1922 est.
2721 1860 2968 1924 Oratioae

756 1978 905 2021 num
932 1956 1180 2040 quidem
1210 1956 1340 2018 sola
1368 1958 1446 2014 de
1455 1957 1711 2036 foedere
1738 1954 1972 2033 Pyrrhi
1997 1956 2215 2017 habita
2238 1956 2544 2019 exstitisse
2574 1957 2836 2034 videtur,
2868 1978 2967 2021 ne*

752 2056 907 2131 scio,
942 2075 1025 2117 an
1042 2053 1326 2136 sequenti
1343 2064 1525 2115 aetate
1543 2052 1831 2130 conficta3
1859 2073 2042 2135 quam
2062 2053 2427 2115 Plutarchus
2443 2055 2512 2116 in
2536 2055 2780 2136 Pyrrho
2799 2075 2962 2119 eom·

749 2153 976 2236 posuit,
1007 2172 1124 2233 pro
1149 2151 1418 2230 genuina
1446 2163 1680 2213 temere
1701 2150 1892 2212 habet
1917 2152 2250 2231 Burignins
2274 2153 2318 2213 l.
2346 2153 2391 2213 l.
2427 2153 2683 2217 XXXV}
2699 2200 2715 2229 ,
2743 2173 2809 2236 p.
2849 2155 2957 2220 35.

751 2255 1023 2318 Carmen
1048 2251 1181 2332 ejus
1213 2269 1589 2333 magnopere
1625 2251 1935 2313 Panaetius
1956 2251 2027 2313 in
2056 2252 2315 2334 epistola
2353 2253 2432 2314 ad
2458 2253 2541 2335 Q.
2576 2253 2800 2315 AElium
2837 2257 2958 2318 Ta·-

738 2354 1041 2415 beronem
1076 2351 1353 2413 laudavit
1380 2349 1477 2433 (v.
1503 2350 1636 2413 Cic.
1675 2353 1857 2413 Taso.
1891 2353 2013 2425 1v,
2052 2352 2267 2436 2)‘tos
2294 2372 2373 2415 ne
2398 2355 2482 2433 qd
2504 2354 2714 2432 gaf-oo
2743 2373 2853 2417 aus
2881 2359 2956 2419 rd

748 2472 882 2513 mas
907 2453 1012 2515 vel
1053 2451 1505 2515 sententiarum
1539 2450 1817 2512 libellum
1856 2463 2098 2533 spectat
2114 2498 2135 2525 ,
2173 2451 2346 2534 cujus
2383 2454 2573 2515 etiam
2601 2449 2959 2520 Priscianus

747 2553 932 2626 vm,
959 2573 1025 2636 p.
1067 2552 1224 2627 792,
1258 2552 1357 2613 ed.
1392 2552 1644 2613 Putsch.
1678 2547 1776 2634 (p.
1817 2552 1967 2628 370,
1994 2551 2259 2639 Krehl.)
2294 2547 2666 2636 particulam
2709 2556 2956 2620 videtur

743 2667 1043 2713 servasse.
1074 2651 1233 2713 Nam
1261 2662 1326 2712 et
1354 2650 1672 2713 sententiae
1696 2668 1891 2727 genus
1911 2650 2146 2726 obstat,
2176 2651 2499 2734 quominus
2528 2654 2608 2714 ad
2635 2655 2953 2718 orationes

743 2749 1016 2832 ejusdem
1048 2748 1386 2823 referatur,
1429 2762 1494 2808 et
1527 2747 1876 2811 additurum
1922 2749 2398 2833 grammaticum
2439 2751 2628 2812 credo
2655 2747 2841 2814 fuisse
2856 2799 2873 2827 ,
2897 2755 2951 2815 si

739 2870 814 2911 ex
843 2849 1149 2911 tralaticia
1167 2848 1279 2910 illa
1307 2848 1589 2911 oratione
1619 2851 1698 2913 de
1719 2849 1950 2931 Pyrrhi
1975 2850 2208 2912 foedere
2229 2851 2554 2933 desumpta
2581 2866 2763 2915 esset.
2797 2848 2950 2940 sLo⁴

737 2961 845 3007 cus
873 2956 1011 3007 est:
1050 2970 1079 3000 α
1102 2944 1389 3007 Amicum
1415 2966 1556 3008 cum
1584 2945 1755 3009 vides
1774 2994 1795 3019 ,
1822 2943 2191 3009 obliviscere
2227 2949 2508 3010 miserias
2525 2995 2543 3025 ,
2571 2934 2862 3012 inimicus
2892 2953 2946 3013 si

736 3067 803 3110 es
835 3057 1218 3110 commentus
1248 3067 1432 3111 caeco.
1467 3071 1497 3106 ι)
1526 3049 1626 3109 lta
1655 3049 1841 3110 codd.
1869 3051 2041 3111 Fort.
2076 3051 2200 3130 leg.
2241 3050 2365 3110 obl.
2401 3055 2692 3112 maserias
2717 3073 2794 3115 ax
2832 3059 2946 3113 ini-

734 3153 950 3227 mc'ci53
985 3152 1043 3208 si
1067 3167 1170 3209 rsr
1196 3162 1693 3221 commentas,...
1723 3162 1789 3211 et
1821 3150 2225 3232 imperativus
2267 3150 2336 3214 in
2374 3166 2436 3211 to
2469 3151 2669 3215 latere
2698 3156 2946 3216 videtur

731 3249 799 3312 in
842 3261 1157 3332 postremo
1177 3248 1504 3313 vocabulo.
1539 3249 1833 3314 Ceterum
1874 3253 2160 3314 omittere
2189 3273 2315 3314 non
2346 3252 2616 3316 debebat
2648 3256 2943 3318 Krehlius

732 3361 1000 3432 graecam
1038 3370 1258 3414 vocem
1288 3359 1681 3433 πεπλασμένος,
1729 3373 1848 3434 qua
1889 3355 2198 3436 passivum
2240 3371 2414 3417 usum
2441 3355 2738 3418 vocabuli
2778 3375 2942 3416 com·

734 3465 968 3512 memus
996 3448 1318 3512 indicabat
1342 3445 1577 3539 Prista]
1612 3449 1856 3513 Eaedem
1884 3451 2207 3514 sententias
2242 3465 2666 3517 memorantur
2687 3457 2939 3537 psendo-

728 3546 1000 3626 Sallustii
1025 3545 1210 3614 Orat.
1242 3549 1273 3610 1
1302 3548 1380 3609 de
1405 3546 1647 3630 republ.
1693 3547 2042 3611 ordinanda
2083 3549 2225 3611 init.
2243 3598 2264 3625 ,
2298 3552 2479 3614 Festo
2507 3552 2576 3613 in
2607 3553 2935 3629 Ser-aprum

726 3655 822 3719 et,
849 3646 1008 3707 sicut
1025 3647 1298 3723 videtur,
1324 3645 1616 3710 Sallustio
1639 3665 1738 3730 ap.
1771 3647 2038 3710 Nonium
2063 3668 2130 3734 v.
2160 3647 2428 3722 Rabula,
2447 3668 2513 3730 p.
2543 3649 2624 3711 60
2645 3696 2660 3723 ,
2689 3647 2805 3722 24,
2829 3650 2932 3710 ed.

726 3741 922 3801 Mero.
963 3740 1144 3802 Conf.
1188 3744 1457 3826 Quintil.
1501 3745 1661 3814 ΧΠ,
1693 3748 1765 3818 9,
1801 3748 1875 3821 9,
1920 3746 2075 3828 ibiq.
2121 3745 2438 3828 Spalding.
2484 3740 2576 3837 [et
2606 3741 2799 3809 Omna
2850 3748 2932 3809 ad

728 3840 867 3904 Cic.
914 3841 1098 3903 Tusc.
1130 3835 1255 3917 IV,
1290 3845 1364 3918 2,
1392 3845 1474 3919 4,
1502 3846 1579 3907 ad
1601 3845 1814 3906 Wolfii
1843 3847 2139 3908 scholam.
2173 3843 2466 3937 Marem]

802 3938 1035 4004 Gentis
1060 3935 1325 3998 Claudiae
1343 3987 1360 4015 ,
1387 3957 1519 4024 quae
1539 3942 1618 4004 ad
1640 3943 1759 4024 Ap.
1787 3941 2031 4004 Gaecnrn
2057 3961 2248 4025 usqne
2275 3964 2399 4007 una
2418 3946 2619 4008 fuerat
2635 3987 2653 4017 ,
2681 3963 2827 4008 mox
2848 3945 2930 4007 ab

712 4035 845 4118 ejus
862 4034 1008 4098 filiis
1032 4033 1177 4096 Tib.
1210 4033 1492 4113 Nerone,
1522 4038 1596 4100 C.
1622 4036 1902 4098 Centone
1924 4049 1991 4098 et
2017 4041 2090 4099 P.
2132 4041 2403 4105 Pulchro
2427 4043 2500 4105 in
2530 4055 2660 4105 tres
2698 4044 2929 4125 stirpen

710 4133 908 4196 divisa
932 4145 1027 4196 est
1045 4182 1061 4212 ,
1097 4146 1367 4196 stemma
1385 4134 1577 4199 hahes
1618 4155 1721 4218 ap.
1748 4131 2103 4221 Glandorp.
2122 4139 2442 4207 Onomast.
2476 4162 2540 4226 p.
2574 4143 2721 4222 946,
2747 4155 2815 4206 et
2843 4161 2920 4205 ex

709 4230 958 4313 Sigonio
978 4233 1061 4296 ad
1089 4231 1228 4298 Liv.
1255 4232 1340 4300 1v
1342 4278 1365 4307 ,
1391 4234 1493 4310 68,
1530 4234 1597 4299 in
1618 4235 1719 4298 ed.
1749 4233 2070 4300 Drakenb.
2911 4271 2920 4278 -
