3367 5417
1412 464 1498 538 77

363 605 468 668 hic
494 599 736 686 quidem
750 650 772 677 ,
804 617 871 666 ut
897 604 1208 678 ostendat,
1244 603 1547 684 quomodo
1573 599 1892 681 sigillatim
1922 599 2127 680 capita
2164 595 2416 659 diluerit
2453 615 2554 657 ac·

360 699 698 764 cusationis
726 698 921 782 (conf.
957 703 1121 762 Non.
1161 719 1223 762 v.
1263 699 1444 780 Logi,
1472 720 1538 783 p.
1567 696 1839 780 63,16):
1887 698 1941 759 is
1979 696 2231 775 inquam
2267 694 2440 756 locus
2477 694 2555 754 de

360 820 590 882 genere
616 800 881 865 actionis
908 801 1062 864 nihil
1088 800 1330 864 definit.
1377 797 1757 864 At'ambitus
1784 798 1972 860 fuisse
1996 810 2127 858 tum
2159 815 2198 858 e
2229 789 2556 858 severiani

360 898 569 962 verbis
586 899 835 961 elucere
855 899 1125 973 videtur,
1151 898 1259 980 qui
1292 902 1591 980 pecunias
1625 916 1736 960 reo
1769 896 2046 978 objectas
2071 913 2202 955 esse
2230 891 2403 967 dicit,
2434 891 2556 951 hoc

360 1007 453 1060 est
486 1015 615 1057 nou
642 1008 861 1078 captas
883 997 995 1058 sed
1023 991 1418 1073 distributas3
1470 1008 1535 1057 et
1567 995 1798 1057 diserte
1835 1004 2102 1053 testatur
2137 987 2440 1051 Asconius
2480 986 2560 1046 ad

358 1093 471 1160 Or.
511 1097 581 1156 in
616 1106 763 1175 toga
790 1095 1055 1160 candida
1082 1115 1147 1178 p.
1174 1093 1336 1161 1053
1364 1096 1461 1158 ed.
1486 1096 1640 1157 Ern.
1669 1090 1766 1177 (p.
1794 1090 1876 1156 88
1896 1092 1996 1154 ed.
2021 1088 2267 1174 Orell.).
2317 1086 2560 1149 Deinde

359 1191 658 1253 Ernestus
697 1192 777 1254 ad
812 1192 877 1254 h.
919 1193 966 1254 l.
1009 1192 1377 1255 Menardum
1413 1192 1663 1255 videtur
1700 1189 2201 1273 reprehendere,
2234 1185 2396 1266 quod
2433 1202 2560 1245 non

359 1287 753 1364 concoxerit,
785 1308 825 1352 a
856 1289 1080 1368 Lollio,
1113 1310 1244 1352 non
1270 1309 1309 1352 a
1332 1289 1543 1354 Gallio
1574 1299 1932 1352 accusatum
1958 1286 2043 1370 Q.
2073 1282 2382 1349 Calidium
2403 1328 2420 1358 2
2468 1282 2553 1343 Μ·

357 1398 638 1470 patrem,
671 1408 854 1469 quem
889 1388 1055 1453 filius
1086 1390 1198 1453 illo
1225 1391 1577 1454 accusando
1603 1389 1770 1450 ultus
1794 1400 1911 1449 est.
1956 1386 2080 1450 Sed
2107 1383 2400 1447 Asconius
2430 1392 2560 1443 tum

357 1485 405 1547 l.
431 1506 522 1559 c.,
556 1498 688 1547 tum
716 1486 992 1548 adVerr.
1020 1489 1078 1563 1,
1109 1488 1210 1557 13.
1253 1484 1489 1550 diserte
1526 1484 1828 1557 Gallium,
1873 1502 2002 1543 non
2044 1481 2308 1543 Lollium
2344 1479 2555 1541 habet.

358 1584 528 1667 Quid
551 1583 743 1666 igitur
769 1584 968 1649 Lollio
996 1597 1359 1647 accusatore
1382 1584 1734 1647 faciendum
1747 1582 1779 1643 Ἰ
1823 1583 2122 1642 Ernestus
2160 1583 2295 1663 ejus
2336 1596 2561 1641 nomen

358 1680 592 1762 ubique
616 1679 915 1745 Galliano
940 1679 1189 1741 videtur
1214 1679 1589 1741 substituere
1612 1678 1795 1740 velle.
1827 1676 2093 1738 Mediam
2120 1677 2287 1738 viam
2313 1675 2570 1753 Pighius

360 1779 533 1856 iniit,
564 1781 670 1863 qui
697 1779 966 1843 Lollium
992 1777 1475 1861 subscriptorem
1503 1791 1713 1840 vocat.
1741 1777 1822 1839 Et
1838 1777 1931 1838 sic
1953 1775 2228 1859 profecto
2256 1788 2379 1848 est3
2411 1775 2570 1855 quod

364 1876 424 1939 si
443 1875 958 1939 honorificentius
982 1894 1125 1938 eum
1145 1875 1371 1938 Cicero
1395 1874 1764 1957 appellavit,
1800 1875 1881 1935 ad
1906 1871 2275 1952 dignitatem
2305 1871 2571 1934 bominis

361 1977 731 2055 augendam,
754 1992 871 2056 pro
891 1992 1078 2036 causa
1088 1991 1198 2035 sua
1217 1974 1386 2036 fecit.
1404 1975 1489 2037 Et
1506 1974 1865 2035 damnatum
1889 1972 1974 2056 Q.
1999 1971 2306 2034 Calidium
2330 1991 2407 2034 ex
2427 1972 2566 2034 Cic.

360 2074 545 2136 Verr.
582 2071 633 2135 1.
663 2092 724 2135 c.
756 2083 821 2134 et
849 2071 1145 2146 Asconio,
1177 2083 1309 2132 tum
1336 2082 1404 2133 et
1428 2089 1509 2132 ex
1535 2068 1651 2134 Or.
1683 2089 1801 2150 pro
1829 2069 2049 2132 Plane.
2088 2089 2147 2131 c.
2184 2068 2293 2140 29,
2328 2086 2565 2146 cogno-

359 2169 611 2233 scimus.
662 2169 747 2230 At
784 2166 1028 2232 Gallius
1068 2169 1156 2229 Μ.
1195 2165 1435 2229 Calidio
1470 2177 1803 2230 accusante
1841 2164 2178 2228 absolutus.
2233 2166 2308 2226 Id
2349 2166 2566 2227 saltem

359 2267 530 2330 locus
555 2265 624 2328 in
652 2267 846 2328 Bruto
869 2265 1117 2327 videtur
1141 2261 1518 2342 significare.
1565 2264 1790 2326 Cetera
1818 2262 1895 2324 de
1919 2262 2038 2324 hac
2067 2280 2252 2323 causa
2286 2261 2569 2324 sollerter

362 2364 629 2428 absolvit
654 2362 1044 2446 Spaldingius
1085 2364 1166 2424 ad
1199 2360 1463 2443 Quintil.
1495 2362 1668 2432 vm,
1710 2359 1770 2434 3,
1815 2361 1918 2434 66,
1952 2356 2129 2440 cujus
2154 2359 2352 2423 verba
2389 2359 2566 2440 poni·

364 2485 535 2529 must
563 2490 592 2522 α
616 2467 954 2529 Accusatus
980 2475 1075 2526 est
1104 2483 1143 2526 a
1169 2464 1256 2525 M.
1281 2463 1605 2528 Calidio...
1631 2476 1697 2524 et
1721 2462 2052 2524 admistum
2082 2480 2277 2524 causoe
2301 2460 2571 2523 ambitus

374 2557 702 2651 [addimus,
736 2564 817 2624 ad
853 2559 1203 2641 augendam
1234 2561 1505 2623 hominis
1536 2552 1866 2647 iuvidiam]
1904 2559 2143 2622 crimen
2172 2559 2460 2621 veneficii
2501 2560 2568 2620 in

362 2660 604 2726 Calidio
632 2670 993 2724 accusatore
1021 2657 1326 2721 tentati...
1370 2658 1518 2722 Haec
1555 2658 1834 2722 convivii
1870 2655 2169 2719 luxuriosi
2205 2656 2563 2736 descriptio,

362 2760 431 2822 in
460 2779 582 2841 quo
607 2773 895 2823 versatus
917 2757 1106 2820 suerit
1123 2757 1365 2822 Gallius
1398 2759 1732 2840 unguentis
1759 2758 2012 2830 oblitus,
2043 2757 2366 2819 redimitus
2392 2747 2569 2819 coro·⁴

366 2860 466 2922 nis
487 2866 669 2939 (nam
704 2872 1101 2943 apponuntur
1136 2859 1267 2921 htec
1303 2880 1544 2943 quoque
1571 2862 1736 2941 apud
1772 2854 2104 2943 Aquilam),
2142 2871 2348 2941 potest
2369 2857 2569 2918 videri

367 2977 591 3041 parum
629 2971 1047 3021 consentanea
1087 2956 1430 3021 defensioni
1460 2954 1764 3040 (Coeliana
1795 2959 2042 3039 quidem
2079 2969 2176 3019 est
2213 2956 2280 3017 in
2319 2973 2568 3018 accusa-

368 3055 544 3119 tione
563 3055 629 3131 4,
657 3055 698 3119 2
720 3069 884 3118 extr.
907 3066 974 3118 et
998 3056 1391 3119 accusatorie
1419 3056 1775 3120 convivium
1797 3056 2130 3121 verrinum
2157 3066 2334 3117 notat
2355 3055 2567 3136 5,11),

365 3159 474 3221 sed
502 3157 805 3239 suspicor,
839 3158 959 3220 hoc
989 3158 1363 3239 pertinuisse
1404 3160 1482 3219 ad
1525 3158 1885 3220 diluendum
1926 3156 2166 3219 crimen
2199 3155 2460 3229 veneni,
2503 3169 2573 3215 ut

364 3254 606 3319 Gallius
626 3257 1062 3319 ostenderetur
1089 3255 1499 3320 alienissimus
1523 3255 1603 3320 ab
1631 3256 1876 3318 insidiis
1893 3254 2203 3318 struendis
2223 3254 2292 3314 ia
2314 3274 2388 3315 ea
2409 3274 2572 3316 com·

370 3356 721 3437 potatione,
756 3356 864 3420 ubi
899 3358 1020 3420 sibi
1056 3359 1192 3441 ipse
1230 3364 1356 3422 non
1400 3358 1667 3423 cavisset
1699 3378 1737 3420 a
1763 3356 2150 3421 temulentia.
2185 3382 2216 3413 n
2260 3357 2573 3418 Hactenus

367 3452 500 3517 ille.
541 3454 849 3518 Discimus
873 3476 952 3519 ex
980 3457 1277 3534 Asconio,
1309 3470 1515 3521 actam
1543 3477 1793 3520 causam
1821 3479 1858 3520 a
1884 3455 2192 3521 Cicerone
2220 3458 2572 3519 consulatus

368 3550 722 3613 candidato.
758 3551 861 3616 Sic
886 3566 1059 3616 recte
1083 3569 1408 3618 senserant
1428 3554 1557 3637 jam
1583 3555 1872 3619 Schottus
1895 3576 1960 3638 p.
1990 3554 2138 3626 318,
2164 3564 2229 3615 et
2255 3550 2573 3615 Fabricius

369 3665 590 3716 contra
606 3651 926 3733 sigonium
956 3655 1061 3735 qui
1085 3653 1155 3716 in
1186 3675 1417 3717 annum
1435 3656 1558 3721 688
1575 3659 1923 3737 ponendam
1945 3664 2295 3718 censuerat.
2324 3652 2571 3716 Oratio·

372 3769 515 3811 nem
532 3748 803 3814 Calidii
782 3770 852 3813 in
880 3751 963 3832 Q.
994 3750 1316 3814 Coectlium
1350 3771 1534 3831 quam
1551 3751 1743 3816 habet
1760 3754 1995 3818 Nonius
2017 3772 2079 3835 p.
2107 3746 2569 3865 543·[1‘],equ1-

368 3835 557 3897 dem
539 3855 607 3897 m
632 3835 714 3918 Q.
736 3833 1013 3898 Gallium
1038 3835 1503 3902 inscribendam
1529 3841 1710 3902 duco.

455 3932 630 3998 Alius
645 3947 741 3998 est
762 3938 838 4002 L.
864 3935 1073 4002 Julius
1091 3935 1369 4003 Calidius
1404 3939 1476 4018 (s.
1506 3937 1870 4005 Calidianus
1890 3939 2145 4023 )poeta;
2176 3960 2238 4004 v.
2263 3941 2442 4003 Voss.
2474 3941 2572 4001 De

369 4032 979 4115 poett.1att.p.25.

453 4133 558 4197 59.
606 4134 840 4196 Verum
866 4154 946 4197 ex
964 4135 1303 4199 uberrimis
1335 4135 1662 4202 Ciceronis
1684 4135 2207 4219 disputationibus
2236 4149 2366 4199 tum
2400 4135 2570 4200 docti

364 4213 577 4307 multi,
599 4241 733 4293 tum
759 4243 823 4294 et
847 4232 1202 4314 eloquentes
1230 4235 1628 4297 exstiterunt.
1655 4231 1818 4298 Huic
1838 4230 2008 4297 enim
2038 4232 2176 4299 viro
2203 4229 2352 4313 (ut
2335 4256 2402 4299 ιιι
2435 4234 2573 4300 aliis
