3367 5417
1419 477 1549 549 347

517 615 709 669 liscum
749 613 1091 687 intelligens,
1137 625 1197 666 nt
1242 616 1578 668 Burmannus
1621 610 1677 663 in
1720 607 1946 664 Anthnl.
1988 610 2107 661 Lat.
2147 604 2254 662 vol.
2290 607 2351 669 1,
2387 621 2443 677 p.
2481 605 2579 669 tt,

513 701 661 755 dicit.

455 811 770 890 Praeterea
799 826 866 887 in
893 823 1217 890 Prisciano
1244 824 1660 908 Epistularum
1687 820 1839 884 libri
1863 820 2086 886 severi
2106 815 2327 896 cassii,
2353 818 2577 892 utvn,

379 930 482 1002 ll,
507 949 569 1010 p.
602 927 747 1004 328,
786 927 1037 989 Cassius
1061 928 1148 987 ad
1164 927 1583 988 Maecenatem
1593 946 1622 995 ;
1657 923 1772 1001 1X,
1803 923 1907 1000 lo,
1942 942 2008 1005 p.
2036 921 2184 994 468,
2223 919 2475 992 Cassius
2499 920 2587 979 ad

378 1024 703 1085 Tiberium
728 1025 1016 1099 secundo,
1038 1035 1478 1090 memorantur.

1015 1224 1241 1298 XCV.
1302 1222 1676 1298 Domitius
1711 1221 1913 1298 Afer.

462 1463 491 1497 α
511 1440 825 1504 Domitius
854 1439 1032 1515 Afer,
1064 1440 1531 1515 Nemausensis,
1563 1456 1787 1502 recens
1823 1448 2126 1519 prmum,
2164 1453 2290 1517 qua
2317 1433 2573 1498 Tiberio

363 1538 712 1618 imperante
740 1559 800 1599 a.
828 1542 907 1606 U.
928 1537 1049 1600 ΤΠ
1067 1534 1316 1600 functus
1341 1549 1499 1611 erat,
1527 1535 1809 1600 modicus
1837 1528 2218 1614 dignationis
2246 1543 2310 1595 et
2332 1550 2574 1620 quoquo

360 1630 643 1697 facinore
670 1655 972 1719 properus
996 1635 1367 1710 clarescere,
1399 1648 1471 1697 ut
1497 1629 1589 1696 ait
1607 1633 1865 1698 Tacitus
1886 1634 2056 1694 Anu.
2078 1632 2191 1704 lv,
2218 1629 2324 1706 52,
2351 1625 2575 1716 Agrip-

358 1733 521 1816 pinae
555 1732 775 1815 (immo
803 1733 1074 1798 Claudiae
1099 1733 1410 1811 Pulcbrae,
1453 1752 1587 1815 quae
1613 1745 1752 1796 erat
1783 1731 2143 1814 Agfippinae
2167 1729 2443 1813 sobrina)
2472 1749 2572 1792 ac·

358 1828 678 1894 cusatione
701 1850 763 1893 a.
790 1831 874 1898 U.
906 1832 1028 1895 778
1058 1831 1439 1922 primoribus
1467 1843 1791 1894 oratorum
1829 1830 1973 1891 addi
2014 1829 2225 1911 coepit.
2272 1826 2373 1890 oh
2403 1829 2573 1889 hanc

358 1923 719 2009 Agrippinae
739 1925 1197 1990 accusationem
1218 1949 1255 1990 a
1272 1927 1348 1990 C.
1365 1927 1644 2009 Caligula
1666 1928 2047 2010 imperatore
2077 1926 2400 2008 inopinato
2426 1944 2574 1994 reus

355 2024 575 2098 sactus,
608 2044 782 2087 suam
811 2022 1059 2087 dicendi
1089 2039 1288 2088 artem
1318 2027 1542 2088 callide
1569 2027 1892 2091 occultans
1922 2021 2199 2107 nihilque
2226 2043 2352 2105 prae
2382 2023 2577 2085 simn-

355 2122 486 2186 lata
512 2120 936 2206 trepidatione
959 2122 1395 2187 etClandianae
1420 2124 1730 2190 madian
1752 2123 2168 2186 admiratione
2189 2122 2573 2205 respondens

353 2237 432 2280 ex
461 2216 758 2301 periculo
787 2237 918 2281 nen
964 2220 1161 2281 solum
1203 2221 1406 2281 evasit
1447 2219 1799 2294 incolumis,
1831 2221 1941 2281 sed
1977 2219 2194 2281 consul
2229 2219 2416 2284 etiam
2453 2217 2572 2280 sus-

352 2314 548 2377 seetus
588 2325 684 2376 est
726 2334 787 2374 a.
812 2316 892 2380 U
923 2316 1035 2376 '191
1069 2329 1326 2377 auctore
1367 2316 1573 2378 Dione
1614 2317 1828 2380 Cassio
1871 2316 2036 2391 LlX,
2086 2320 2161 2380 19
2201 2336 2326 2398 sq„
2374 2335 2410 2376 a
2453 2332 2574 2397 qno

352 2410 583 2474 dicitur
608 2428 633 2479 ὁ
659 2425 808 2497 ὀΔφρ
811 2446 834 2486 ς
860 2429 884 2480 ὁ
911 2435 970 2479 Ao
947 2426 1075 2498 οίτιμ
1077 2447 1125 2487 ος
1148 2424 1248 2479 δαν
1250 2426 1372 2480 ότι-οι
1373 2447 1474 2488 one
1477 2428 1579 2482 ἐπεῖ
1577 2428 1712 2481 vm&
1744 2414 2031 2478 Summus
2049 2410 2158 2474 hic
2184 2405 2355 2476 illius
2376 2412 2574 2478 aetatis

352 2524 568 2574 orator
595 2512 664 2574 in
691 2525 971 2575 extrema
1000 2526 1320 2578 senectute
1349 2511 1628 2595 quotidie
1658 2495 1899 2596 aliquid
1938 2516 2015 2578 de
2050 2533 2161 2576 sua
2196 2509 2572 2578 auctoritate

353 2609 644 2691 perdidit,
678 2613 826 2692 qnia
854 2611 1124 2678 delicere
1150 2613 1426 2676 malebat
1447 2633 1637 2694 quam
1665 2614 1983 2685 desinere,
2015 2627 2088 2673 ut
2114 2613 2207 2676 ait
2232 2609 2568 2695 Quintilia-

355 2729 473 2771 nus
501 2711 642 2786 Xll,
671 2714 774 2786 11,
812 2710 877 2786 3,
920 2711 1100 2794 cujus
1134 2712 1234 2773 rei
1269 2713 1707 2775 documentum
1746 2714 1945 2774 refert
1967 2712 2208 2773 Plinius
2236 2712 2433 2792 Epist.
2476 2714 2561 2786 ΙΙ,

358 2805 459 2880 14,
492 2808 592 2868 10.
637 2807 949 2870 Domitius
976 2808 1127 2870 Afer
1159 2805 1317 2871 obiit
1343 2820 1501 2870 teste
1519 2809 1741 2871 Tacito
1774 2810 1942 2870 Anu.
1967 2805 2142 2881 xlv,
2178 2810 2279 2882 19,
2314 2807 2568 2871 Nerone

349 2900 700 2985 imperante
737 2899 797 2965 εἰ.
821 2905 908 2972 U.
935 2902 1058 2969 812
1098 2906 1236 2990 (vel
1258 2904 1407 2978 813,
1443 2927 1503 2968 a.
1528 2905 1680 2969 Chr.
1707 2905 1824 2986 60)
1865 2905 1992 2967 cibi
2030 2905 2445 2973 redundantia
2492 2905 2561 2969 in

350 3020 530 3062 coena
550 3046 567 3074 ,
604 3014 671 3061 nt
702 3001 1119 3086 Hieronymus
1144 3001 1212 3064 in
1246 3003 1496 3066 Eusebii
1523 3003 1836 3065 Chronico
1863 2998 2178 3064 memoriae
2208 2999 2488 3064 tradidit.
2530 3030 2561 3060 ι

347 3101 493 3163 Haec
517 3102 913 3166 Weichertus
947 3101 1017 3167 in
1053 3105 1395 3170 Comment.
1425 3105 1518 3172 De
1551 3104 1830 3168 Domitio
1867 3106 2073 3174 Marso
2098 3099 2336 3190 (Reliq.
2363 3105 2561 3189 poet.)

430 3298 698 3381 Quintil.
724 3299 806 3370 X,
834 3302 894 3374 1,
921 3300 1079 3363 118:
1112 3299 1269 3364 Sunt
1297 3298 1404 3362 alii
1436 3301 1613 3362 multi
1635 3301 1881 3375 diserti,
1914 3320 2068 3381 quos
2100 3291 2390 3384 persequi
2429 3295 2561 3363 lou·-¹

345 3415 488 3475 gum
508 3407 622 3457 est.
651 3398 901 3472 Eorum,
928 3417 1079 3477 quos
1096 3395 1388 3473 viderim,
1415 3400 1714 3458 Donu'tc‘us
1731 3398 1798 3456 A
1780 3398 1901 3479 fer
1918 3410 1983 3461 et
2000 3398 2207 3457 Julius
2221 3398 2563 3479 Africanus

349 3498 528 3572 longe
547 3494 1063 3575 praestantissimi.
1090 3500 1246 3558 Arte
1265 3494 1375 3559 ille
1394 3510 1458 3559 et
1478 3509 1609 3559 toto
1626 3516 1860 3576 genere
1880 3497 2128 3560 dicendi
2146 3493 2561 3581 praeferendus

344 3609 411 3658 et
427 3616 610 3676 quem
633 3593 702 3657 in
725 3616 988 3658 numero
1011 3610 1293 3660 veterum
1317 3600 1523 3660 locare
1547 3615 1671 3663 non
1696 3600 1942 3661 timeus.

430 3695 528 3756 ld.
559 3693 669 3767 Vl,
697 3691 759 3767 3,
788 3691 908 3754 42:
943 3695 1014 3754 ln
1055 3696 1372 3757 narrando
1398 3693 1624 3759 Cicero
1657 3692 2006 3760 consistwe
2046 3692 2305 3762 [aeonas
2345 3705 2551 3778 putat.

344 3789 787 3853 dicacitatem'
769 3810 837 3850 m
857 3790 1174 3872 jaciendo
1229 3788 1389 3854 Mire
1420 3791 1580 3854 tuit
1561 3813 1631 3854 m
1658 3793 1780 3856 hoc
1807 3812 2043 3873 genere
2072 3805 2368 3862 venustus
2391 3793 2562 3874 Afer

345 3890 694 3962 Domitius,
739 3886 912 3968 cujus
942 3902 1106 3947 orate
1098 3888 1328 3948 onibus
1373 3890 1726 3971 complures
1766 3888 2114 3972 hujusmodi
2158 3887 2557 3953 narrationes

343 3987 591 4048 iumertae
621 3987 1051 4070 reperiuntur:
1080 3988 1188 4048 sed
1210 3986 1416 4049 dictot
1420 4008 1520 4048 um
1543 4008 1786 4070 quoque
1813 3988 1894 4051 ah
1910 3989 2128 4050 eodem
2149 3989 2391 4050 urbane
2410 4002 2555 4051 sunt

342 4086 492 4147 editi
519 4081 692 4150 libri.

423 4188 519 4254 10.
543 4188 623 4262 X,
656 4186 712 4262 1,
742 4186 858 4248 24.
894 4186 1092 4249 Nobis
1119 4185 1331 4269 pueris
1360 4184 1640 4267 insignes
1667 4201 1799 4252 tres
1829 4207 1951 4267 pro
1984 4189 2300 4251 Voluseno
2340 4189 2552 4251 Catulo

344 4286 598 4346 Domitii
612 4285 678 4344 A
665 4285 795 4367 fn
817 4284 1014 4363 Crispi
1032 4283 1337 4359 Passieni,
1366 4286 1617 4348 Decimt
1630 4285 1817 4348 Loelia·
1833 4290 2138 4350 oraaones
2157 4285 2540 4354 terebantur.
