3367 5417
1359 453 1452 525 27

322 585 758 668 derePigbius
783 590 1010 654 Amal.
1046 589 1172 654 vol.
1196 589 1284 666 11,
1316 611 1380 674 p.
1404 590 1552 666 497,
1578 591 1802 674 inipso
1845 589 2164 654 consulatu
2191 610 2227 652 a
2259 591 2333 652 L.
2366 589 2511 653 Cas·

316 690 410 751 sio
431 688 582 750 trib.
618 689 703 771 pl.
738 701 1092 770 correptum
1122 689 1299 771 eique
1319 692 1572 753 multam
1591 693 1931 771 irrogatam
1961 709 2099 754 esse
2118 688 2362 753 scribit.
2383 690 2509 753 Sed

317 804 535 848 errare
568 785 837 848 videtur.
874 788 1054 868 Apud
1078 786 1286 850 Valer.
1331 788 1494 852 Max.
1529 788 1704 862 vlu,
1736 788 1798 861 1,
1831 790 1892 864 7,
1924 800 2152 861 exstat,
2193 786 2446 848 multam
2470 807 2509 848 a

320 880 542 962 populo
569 881 928 962 irrogatam,
954 884 1026 946 L.
1054 881 1264 946 Cassio
1292 895 1643 946 accusante.
1676 883 1812 946 Hoc
1837 884 1906 946 in
1935 883 2257 946 cumulato
2281 884 2512 946 factum

319 982 681 1045 existimans
724 983 976 1062 Pighius
1018 1002 1151 1046 rem
1199 984 1463 1046 inauditi
1505 984 1773 1068 exempli
1811 997 2026 1047 vetere
2069 983 2319 1047 Camilli
2369 1004 2514 1047 casu

323 1079 525 1141 munit
544 1106 563 1156 3
606 1079 833 1142 oblitus
870 1093 1075 1143 autem
1114 1091 1231 1155 est,
1266 1081 1601 1163 majestatis
1640 1081 1797 1144 lm
1823 1101 2070 1144 causam
2106 1082 2292 1161 longe
2325 1081 2513 1144 aliam

316 1194 477 1252 esse,
508 1197 583 1240 ac
619 1178 794 1239 luxus
818 1173 1077 1260 privati,
1123 1177 1302 1260 cujus
1337 1180 1577 1244 notatio
1614 1180 1696 1241 ad
1716 1177 2001 1242 tribunos
2029 1196 2157 1240 non
2182 1177 2508 1260 pertinuit.

315 1274 441 1336 Sed
463 1294 602 1338 cum
631 1274 903 1340 Velleius
927 1278 1017 1353 11,
1055 1278 1160 1355 10,
1190 1279 1270 1342 ob
1300 1280 1543 1342 domun
1566 1298 1675 1341 sex
1709 1277 1933 1341 millies
1957 1277 2083 1343 HS.
2143 1279 2512 1341 conductam

317 1373 525 1435 adesse
546 1374 781 1456 jussum
812 1394 852 1439 a
884 1376 955 1439 L.
982 1375 1193 1444 Cassio
1220 1377 1535 1441 AEmilium
1561 1378 1689 1452 vel,
1719 1389 1789 1438 ut
1819 1377 2127 1451 Valerius,
2187 1375 2266 1439 ob
2296 1377 2510 1440 villam

316 1468 661 1548 elegantius
679 1484 1003 1548 structam,
1030 1473 1375 1562 scripserit,
1407 1476 1528 1537 hoc
1567 1494 1607 1535 a
1640 1492 1902 1536 censore
1930 1471 2144 1536 Cassio
2163 1472 2416 1551 factum,
2453 1486 2520 1538 et

318 1581 598 1632 notatum
637 1571 896 1634 fortasse
939 1573 1249 1636 AEmilium
1283 1591 1437 1637 vero
1471 1574 1722 1635 videtur
1747 1571 2147 1636 simillimum.
2191 1576 2376 1641 Unde
2407 1575 2520 1636 tri-

312 1665 521 1730 bunus
540 1669 753 1730 nescio
770 1668 907 1747 quis
930 1666 986 1730 si
1017 1669 1404 1734 occasionem
1432 1667 1720 1751 arripuit,
1757 1668 2066 1730 lFAnilium
2110 1671 2191 1730 ad
2227 1673 2518 1752 populum

316 1767 719 1841 criminandi,
761 1769 1077 1830 hominum
1105 1769 1462 1834 nominibus
1488 1787 1708 1832 errore
1735 1768 2002 1834 confusis
2031 1768 2265 1832 sactum
2301 1784 2418 1844 est,
2451 1785 2520 1833 ut

318 1865 763 1929 celeberrimus
794 1868 1123 1930 severitate
1164 1869 1234 1929 1..
1272 1868 1519 1931 Cassius
1541 1888 1657 1950 pro
1695 1881 2056 1932 accusatore
2099 1870 2515 1951 acciperetur.

317 1960 575 2024 Rectius
603 1962 822 2041 Pigffio
854 1966 931 2025 de
960 1964 1079 2025 hoc
1118 1965 1257 2028 loco
1284 1963 1597 2028 existimat
1629 1966 1978 2047 Glandorp.
2013 1963 2243 2028 Onom.
2292 1985 2356 2047 p.
2408 1967 2516 2028 27.

314 2060 478 2140 Laus
504 2060 737 2122 AEmilii
759 2060 1061 2134 oratoria,
1086 2073 1155 2124 ut
1182 2061 1463 2136 indubia,
1510 2064 1599 2124 ita
1635 2062 1826 2126 nullis
1849 2063 2050 2128 ferme.
2075 2064 2524 2135 monumentis,

312 2179 432 2224 uec
456 2158 611 2234 sere,
644 2172 1059 2243 praeterquam
1084 2161 1431 2236 Ciceronis,
1461 2163 1702 2252 munita
1725 2164 2080 2227 testimonio
2098 2177 2216 2225 ost.
2238 2163 2360 2226 Hic
2377 2184 2528 2227 sane

308 2255 643 2320 honorifici
664 2258 763 2320 sui
794 2257 1019 2339 judicii
1048 2268 1237 2332 testes
1262 2272 1508 2324 exstare
1534 2259 1693 2324 dicit
1708 2261 2020 2325 orationes
2053 2262 2258 2345 (Brut.
2283 2281 2344 2324 c.
2377 2262 2458 2324 25
2474 2266 2522 2337 ),

312 2356 421 2416 sed
447 2353 612 2416 idem
637 2356 734 2418 De
761 2368 925 2417 orat.
970 2358 1029 2429 1,
1080 2355 1183 2428 10,
1226 2355 1333 2432 40,
1373 2375 1595 2439 parum
1631 2377 1671 2422 a
1700 2357 1898 2421 literis
1924 2360 2299 2422 instructum
2331 2355 2518 2421 tuisse

310 2451 695 2533 pronuntiat.
774 2455 1001 2532 Magna
1068 2465 1278 2520 tamen
1335 2468 1480 2518 sunt
1510 2501 1527 2530 ‚
1604 2474 1740 2536 quae
1792 2455 1861 2518 in
1920 2456 2100 2518 Bruti
2163 2457 2302 2519 loco
2361 2475 2516 2537 proe·

309 2549 651 2616 dicantur:
696 2551 1015 2614 lenitatem
1072 2550 1140 2613 in
1189 2571 1263 2615 eo
1309 2554 1671 2617 Graecorum
1724 2552 2082 2636 apparuisse
2114 2600 2131 2630 ,
2180 2555 2517 2620 verborum

309 2649 923 2730 comprehensionem
963 2660 1028 2711 et
1058 2648 1270 2712 stilum
1291 2653 1463 2730 quasi
1493 2649 1796 2715 artificem
1822 2673 1840 2727 ς
1884 2670 2018 2733 quae
2048 2651 2366 2733 ingenium
2387 2673 2515 2717 non

306 2744 462 2806 satis
505 2746 751 2826 quidem
779 2748 1034 2820 cultum,
1094 2749 1200 2809 sed
1240 2749 1403 2810 haud
1434 2748 1852 2830 spernendum
1890 2748 2196 2812 indicant.
2248 2752 2516 2824 Rhetor,

313 2835 424 2920 qui
473 2842 567 2906 Ad
619 2840 1005 2906 Herennium
1060 2843 1332 2927 scripsit,
1384 2843 1429 2906 l.
1475 2845 1588 2921 IV,
1637 2847 1674 2907 5
1693 2888 1714 2919 ,
1765 2844 1933 2908 hunc
1980 2864 2122 2908 cum
2170 2846 2466 2929 Scipione
2493 2889 2512 2919 ,

308 2938 545 3012 Galba,
593 2939 839 3013 Crasso,
873 2940 1034 3012 aliis,
1065 2942 1133 3003 in
1178 2942 1476 3024 exemplis
1523 2941 1892 3024 eloquentiae
1926 2945 2184 3025 ponit...
2241 2940 2348 3029 [V.
2424 2945 2508 3007 fr.

300 3061 368 3123 p.
408 3039 524 3102 107
546 3037 674 3127 ΒΨ]

397 3142 502 3204 21.
561 3142 769 3206 Verbo
804 3154 1175 3207 memoratos
1216 3143 1606 3206 absolvamus
1629 3143 1706 3203 L.
1748 3156 1817 3206 et
1844 3142 1958 3223 Sp.
1992 3146 2368 3208 Mummium
2421 3138 2516 3229 [in

309 3241 393 3302 fr.
427 3261 489 3322 p.
543 3237 723 3327 108],
780 3241 889 3319 Sp.
923 3240 1219 3304 Albinum
1255 3233 1502 3330 [ibid.]‚
1558 3240 1623 3301 C.
1682 3242 2076 3312 Tuditanum,
2133 3241 2315 3313 alios,
2362 3257 2516 3319 quos

310 3335 533 3401 Cicero
555 3339 623 3399 in
643 3340 835 3402 Bruto
860 3357 1043 3422 capp.
1068 3338 1174 3415 25,
1196 3338 1302 3412 26,
1327 3338 1612 3418 collegit;
1645 3359 1788 3403 cum
1810 3359 1941 3402 non
1956 3338 2040 3404 sit
2053 3350 2357 3408 nostrum,
2389 3338 2514 3400 col·

310 3433 504 3513 ligere
527 3455 762 3510 omnes,
808 3436 914 3516 qui
951 3436 1270 3517 aliquanto
1299 3449 1539 3501 stantes
1576 3438 1789 3502 dicere
1817 3438 1949 3498 ausi
1985 3446 2168 3510 sunt,
2215 3445 2286 3495 ut
2311 3432 2519 3514 lepide

313 3534 562 3598 Atticus
585 3535 653 3596 in
678 3537 857 3597 Brut.
882 3557 940 3598 c.
979 3538 1052 3599 ’Π
1074 3583 1091 3612 ,
1136 3539 1245 3600 sed
1273 3539 1646 3602 disertorum
1671 3550 2012 3620 proventus
2033 3553 2372 3618 exponere.
2407 3534 2519 3597 Se·

310 3635 524 3716 quitur
550 3631 741 3714 igitu'r
782 3632 854 3692 C.
896 3634 1189 3713 Papirius
1223 3637 1294 3696 C.
1337 3639 1417 3697 F.
1471 3637 1699 3711 Carbo,
1740 3651 1921 3718 patre
1943 3634 2262 3719 proetoric,
2287 3634 2342 3696 si
2369 3653 2519 3698 vcra

312 3744 409 3794 est
437 3730 643 3811 Pighii
662 3729 1049 3812 conjectura,
1074 3732 1353 3794 eumdem
1381 3751 1538 3805 esse,
1565 3732 1671 3812 qui
1693 3751 1754 3794 a.
1785 3731 1906 3795 585
1938 3742 2170 3813 praetor
2196 3731 2358 3811 apud
2369 3731 2512 3793 Liv.

316 3830 504 3892 xuv
522 3876 540 3906 ,
583 3830 656 3891 17
685 3875 704 3904 ,
748 3827 1002 3894 dicitur.
1037 3827 1220 3890 Hunc
1248 3842 1457 3892 tamen
1485 3847 1794 3892 annorum
1820 3829 1986 3890 ratio
2014 3847 2132 3911 pro
2161 3846 2279 3889 avo
2312 3828 2518 3910 potius

318 3924 525 4010 accipi
545 3926 748 4007 jubet.
784 3926 979 3989 Multa
997 3939 1141 4010 post
1166 3929 1333 3994 bunc
1364 3927 1723 3992 Carbonum
1739 3926 2060 3996 memoria.
2083 3944 2218 4007 qum
2247 3937 2395 3988 aute
2422 3936 2516 3988 te-

313 4031 455 4094 nuis
491 4041 597 4090 aut
633 4030 826 4094 nulla.
875 4030 1072 4093 Locus
1112 4027 1473 4113 principalis
1500 4028 1823 4119 Ciceronis
1862 4043 1958 4093 est
1981 4028 2179 4110 Epist.
2220 4029 2298 4090 ad
2338 4027 2510 4088 divv.

312 4131 422 4204 lX,
459 4128 564 4190 21.
599 4127 727 4209 Qui
749 4138 951 4189 tamen
977 4148 1119 4190 cum
1142 4128 1558 4192 subobscurus
1592 4128 1697 4202 sit,
1731 4126 1912 4190 varie
1932 4125 2268 4188 turbarunt
2282 4122 2512 4186 Gland.

313 4229 381 4290 in
405 4226 660 4299 Onom„
708 4236 834 4288 tum
868 4224 936 4287 iu
961 4238 1148 4304 gente
1169 4225 1442 4309 Papiria,
1492 4238 1621 4286 tum
1644 4223 1712 4286 in
1740 4235 2082 4297 stemmate,
2130 4222 2293 4303 quod
2317 4231 2517 4284 exstat
