3367 5417
1375 460 1460 529 67

316 603 741 668 «lentissimum
776 599 973 661 furem
1004 599 1312 678 increpat,
1345 596 1411 659 in
1447 596 1636 658 multo
1676 595 1878 656 minus
1904 596 2158 657 ferenda
2180 616 2309 659 sese
2360 598 2524 660 dela-

320 725 494 790 psum
535 706 642 782 (ut
685 700 793 785 fit)
851 697 1275 776 obliviscitum
1312 711 1379 759 ut
1420 697 1846 780 Quintilianus
1885 697 1963 771 Χ,
2021 697 2079 770 1,
2135 697 2284 772 113,
2325 701 2528 759 seculo

308 807 594 880 priorem
618 818 803 877 posse
824 797 1024 856 videri
1035 793 1420 877 pronuntiet,
1457 808 1676 859 auctor
1697 807 1903 856 autem
1938 793 2187 873 Dialogi
2215 795 2292 856 de
2326 808 2516 857 oratt.

310 921 368 961 c.
409 899 515 973 21,
553 901 713 955 inter
740 894 1067 954 Menenios
1103 910 1161 954 et
1193 895 1441 974 Appios
1473 895 1679 954 videri
1713 893 2035 960 studuisse,
2079 910 2206 954 non
2237 893 2372 955 sine
2399 895 2526 954 sale

312 993 625 1060 notaverit
671 992 962 1076 Scriptor
988 994 1273 1086 Pollione
1302 992 1586 1068 inferior,
1624 994 1734 1056 sed
1762 992 2037 1055 oratoria
2059 992 2240 1055 laude
2263 1013 2389 1056 non
2417 995 2527 1055 im·

312 1115 447 1178 par,
482 1095 566 1155 M.
605 1091 837 1154 Coelius
868 1089 1201 1155 Ciceronis
1232 1093 1532 1164 alumnus,
1572 1091 1641 1153 in
1682 1091 1846 1153 idem
1870 1105 2066 1169 genus
2087 1086 2229 1153 vitii
2261 1109 2388 1153 non
2405 1092 2524 1172 im-

312 1197 657 1279 prudenter
685 1194 930 1256 incidit.
964 1192 1319 1257 Ostendunt
1346 1193 1636 1276 epistolae,
1670 1212 1821 1254 sane
1851 1188 2064 1254 facetae
2093 1188 2234 1268 illae,
2259 1195 2420 1274 quod
2450 1195 2527 1255 de

312 1299 435 1360 hoc
450 1309 699 1358 oratore
712 1296 1055 1378 praedicant
1080 1296 1304 1360 Cicero
1318 1298 1495 1359 Brut.
1515 1316 1577 1358 c.
1603 1296 1708 1371 79,
1741 1293 2007 1377 Quintil.
2036 1292 2117 1370 X,
2152 1295 2208 1371 l,
2238 1295 2358 1359 115
2378 1318 2395 1369 3
2417 1297 2526 1357 sed

312 1411 762 1474 nonnunquam
805 1395 1131 1456 vetustatis
1171 1395 1449 1474 aerugine
1491 1392 1830 1455 infuscatae.
1881 1392 2165 1453 Nitorem
2201 1392 2527 1456 Ciceronis

312 1513 496 1556 nemo
525 1505 752 1576 praeter
779 1491 853 1555 C.
896 1492 1225 1568 Coesarem,
1271 1495 1512 1557 artibus
1555 1493 1729 1573 pacis
1768 1511 1988 1571 parum
2028 1493 2324 1568 deditum,
2367 1513 2525 1555 asse-

311 1607 489 1656 cutus
529 1606 645 1654 est.
691 1592 850 1656 Vide
892 1594 970 1655 de
1011 1594 1382 1673 antiquariis
1412 1592 1571 1653 Livii
1599 1591 1975 1652 sententiam
2020 1594 2184 1673 apud
2223 1594 2530 1656 Senecam

311 1696 612 1758 Controv.
640 1696 747 1769 lV,
777 1692 882 1766 25,
908 1714 972 1775 p.
999 1692 1121 1754 284
1146 1694 1248 1752 ed.
1272 1693 1412 1773 Bip.
1429 1738 1445 1767 ‚
1470 1694 1813 1769 Augustum
1835 1691 1998 1771 apud
2016 1692 2273 1754 Sueton.
2301 1694 2368 1754 in
2383 1694 2530 1755 Vita

312 1811 372 1850 c.
397 1793 501 1862 86,
528 1804 593 1852 et
614 1792 692 1850 de
712 1807 1010 1871 perversa
1030 1807 1246 1849 eorum
1265 1787 1615 1848 imitatione
1632 1785 1904 1869 Quintil.
1929 1787 2019 1858 ΙΙ,
2048 1788 2108 1860 5,
2129 1785 2235 1860 21,
2263 1799 2326 1849 et
2348 1789 2526 1871 Sym-

314 1887 517 1948 mach.
540 1888 698 1966 Epp.
721 1887 836 1954 111,
864 1884 972 1944 44.

392 1984 494 2045 52.
544 1983 786 2043 Mortuo
806 1979 1055 2054 Crasso,
1090 1979 1359 2041 Antonio
1381 1978 1737 2051 interfecto,
1763 1980 1977 2060 paucis
1997 1992 2061 2040 et
2080 1979 2521 2042 clamatoribus

301 2084 610 2166 plerisque
656 2093 720 2143 et
766 2079 1006 2142 rabulis
1050 2079 1251 2141 forum
1298 2077 1692 2153 tenentibuS,
1755 2079 1835 2160 Q.
1882 2080 2242 2141 Hortensius
2287 2083 2528 2161 primus

304 2181 553 2260 agnitus
591 2191 719 2252 est3
766 2190 837 2239 ut
876 2178 1213 2240 redeuntes
1252 2195 1393 2238 cum
1429 2175 1688 2240 Sullana
1713 2177 1984 2240 victoria
2016 2178 2202 2242 Cotta
2240 2192 2308 2239 et
2334 2178 2524 2242 Curio

300 2276 612 2359 superiori
652 2275 726 2357 eil
759 2276 1080 2336 cederent.
1132 2273 1271 2333 Mox
1313 2283 1524 2334 tamen
1555 2271 1926 2335 Ciceronem
1965 2275 2253 2337 aemulum
2286 2278 2526 2355 reperit

303 2375 540 2438 viribus
578 2395 707 2437 non
746 2375 1085 2446 minorem,
1129 2372 1482 2434 eruditione
1518 2373 1861 2456 potiorem,
1908 2374 2016 2456 qui
2056 2377 2281 2438 deinde
2315 2375 2522 2456 juncti

301 2473 589 2534 maximis
617 2472 817 2533 causis
844 2490 1097 2554 operam
1127 2470 1455 2532 dederunt.
1503 2469 1693 2532 Circa
1733 2469 2142 2548 Ciceronem,
2189 2488 2255 2536 et
2292 2474 2522 2554 partim

296 2595 372 2636 ex
402 2574 537 2656 ejus
568 2571 835 2647 officina,
861 2572 912 2633 si
938 2573 1224 2632 Graecum
1256 2572 1573 2632 rhetorem
1602 2591 1746 2632 cum
1776 2574 2029 2635 consule
2049 2573 2333 2638 Romano
2356 2598 2519 2638 com-

296 2672 511 2753 parari
542 2671 713 2745 licet,
740 2671 1110 2752 prodierunt
1136 2669 1208 2728 C.
1241 2669 1477 2736 Caesar,
1511 2668 1613 2729 M.
1647 2668 1831 2745 Cam,
1874 2668 2012 2731 Ser.
2049 2673 2376 2751 Sulpicius,
2410 2675 2514 2734 M.

304 2769 604 2836 Calidius,
650 2768 749 2825 M.
797 2766 1046 2843 Coele’us,
1094 2767 1165 2825 C.
1219 2766 1455 2840 Calvus,
1509 2766 1815 2827 C.·Curt'o
1865 2772 2094 2838 minor,
2137 2771 2232 2833 Μ.
2261 2770 2515 2844 Brutus,

302 2867 404 2926 LU-
440 2864 734 2928 Valerius
781 2864 1073 2926 Messala.
1130 2863 1254 2927 Sed
1293 2865 1733 2948 praemittendi,
1797 2878 2129 2948 antequam
2174 2871 2253 2932 ad
2295 2871 2518 2932 horum

292 2981 395 3024 res
437 2973 503 3024 et
543 2973 790 3022 aetatem
836 2961 1250 3042 pervenimus,
1298 2963 1600 3037 seniores,
1649 2982 1792 3024 cum
1837 2963 2059 3044 quibus
2103 2978 2315 3029 tamen
2355 2966 2514 3029 vixit

293 3061 552 3123 Cicero.

374 3162 550 3223 Gens
585 3158 876 3229 Aurelia,
917 3171 1064 3220 ante
1087 3160 1336 3221 Auselia
1365 3161 1555 3235 dicta,
1587 3182 1663 3224 ex
1693 3159 1945 3225 Sabinis
1975 3160 2276 3236 oriunda,
2315 3165 2516 3225 ternis

295 3252 774 3333 cognominibus
814 3255 883 3316 in
926 3267 1139 3318 ternas
1179 3256 1380 3319 divisa
1424 3257 1715 3333 familias,
1745 3260 2092 3334 Gestarum,
2123 3257 2510 3331 Orestarum,

289 3354 686 3416 Scaurorum.
721 3356 966 3416 Primus
987 3376 1291 3418 summum
1320 3357 1621 3422 honorem
1652 3361 1909 3442 adeptus
1927 3359 2009 3423 C.
2033 3358 2240 3433 Cotta,
2268 3375 2410 3421 cum
2431 3358 2509 3421 C.

287 3454 560 3518 Servilio
587 3456 858 3517 Gemino
888 3457 1029 3519 Cos.
1070 3479 1131 3519 a.
1172 3459 1319 3520 501.
1376 3462 1656 3524 Fuerunt
1690 3476 1894 3526 autem
1917 3462 1993 3526 C.
2023 3461 2268 3524 Aurelii
2290 3461 2507 3536 Cottoe,

287 3553 368 3614 de
398 3570 518 3633 quo
549 3570 717 3614 nune
755 3550 1036 3627 dicimus,
1082 3556 1308 3617 fratres
1347 3559 1492 3633 duo,
1540 3559 1792 3621 Marcus
1829 3559 1975 3623 Cos.
2018 3559 2166 3631 679,
2197 3573 2264 3620 et
2289 3556 2513 3621 Lucius

285 3653 430 3716 Cos.
460 3650 588 3715 688
607 3677 625 3730 ;
656 3662 719 3714 et
740 3665 1041 3734 praeterea
1062 3656 1360 3735 patruelis
1379 3657 1450 3717 L.
1478 3657 1688 3729 Cotta,
1714 3661 1821 3739 qui
1841 3661 2008 3721 ultra
2025 3670 2360 3742 praeturam
2383 3679 2507 3724 non

289 3754 614 3818 adscendit
640 3750 800 3837 (Cic.
824 3755 1004 3816 Brut.
1023 3773 1081 3816 c.
1106 3755 1185 3817 36
1209 3753 1403 3833 et745
1438 3757 1604 3818 conf.
1632 3759 1732 3821 De
1752 3770 1913 3821 orat.
1935 3760 2051 3833 ΙΙΙ,
2083 3758 2205 3838 11).
2231 3759 2302 3824 C.
2324 3761 2508 3826 Cotta
2601 3833 2615 3846 ,

296 3860 484 3911 natus
504 3849 651 3921 629,
695 3850 948 3932 aequalis
981 3851 1277 3932 Sulpicio,
1324 3873 1506 3934 quem
1533 3865 1771 3929 tamen,
1809 3875 1948 3918 cum
1974 3869 2120 3920 ante
2141 3872 2507 3940 quaesturam

290 3947 551 4026 gessisse
570 3948 880 4024 videatur,
911 3949 979 4011 in
1012 3950 1336 4013 tribunatu
1362 3956 1631 4035 petendo
1660 3956 2023 4018 antevertit.
2053 3957 2314 4022 Petebat
2334 3958 2506 4021 enim

294 4046 368 4105 L.
398 4044 660 4119 Marcio,
690 4049 833 4109 Sex.
862 4047 1108 4112 Caesare
1128 4050 1302 4112 Coss·
1332 4071 1453 4134 quo
1476 4071 1642 4114 anno
1663 4054 1896 4134 dialogi
1915 4056 2011 4117 De
2032 4065 2284 4119 oratore
2307 4054 2504 4126 {labii

286 4148 596 4218 Feruntur,
619 4146 686 4208 in
710 4167 941 4211 annum
956 4154 1037 4218 U.
1066 4150 1187 4212 663
1215 4147 1370 4234 (Cic.
1398 4155 1492 4216 Dc
1513 4167 1671 4216 orat.
1703 4156 1758 4229 Ι,
1781 4157 1861 4230 7).
1887 4158 2032 4220 Mox
2055 4171 2263 4220 tamen
2282 4156 2501 4220 Crasso

294 4240 398 4304 vix
442 4243 787 4317 exstincto,
834 4251 1331 4328 repetundarum.
1382 4271 1517 4338 qu
1564 4253 1700 4333 lege
1726 4253 1912 4316 Varia
1955 4255 2311 4336 postulatus,
2360 4277 2499 4317 cum
