3367 5417
1381 457 1469 532 59

412 593 516 656 46.
547 593 837 674 Sequitur
868 594 1055 658 tertia
1079 594 1449 676 eloquentius
1466 593 1704 656 Latinae
1724 605 1895 667 mas,
1920 593 2142 660 aSulla
2161 596 2308 657 inde
2327 596 2518 660 dicta·

326 702 465 758 tore
482 693 566 756 ad
592 691 782 754 finem
800 691 1109 755 libertatis
1136 694 1518 767 deducenda,
1546 711 1731 772 quam
1763 692 1843 753 ab
1876 692 2008 776 ejus
2038 694 2327 776 principe
2346 693 2519 757 Cice·

324 791 652 856 renianam
694 792 1047 866 dixerimus,
1097 793 1217 855 etsi
1253 805 1399 855 sunt
1446 792 1829 873 antiquiores
1869 807 1931 856 et
1969 815 2009 856 a
2044 793 2349 857 Cicerone
2386 795 2519 877 ipso

322 891 602 974 exemplo
626 890 847 954 babiti.
893 893 1061 976 Quid
1087 893 1381 956 extulerit
1406 896 1482 957 ad
1518 894 1584 955 id
1622 890 1935 972 fastigium
1963 894 2378 975 eloquentiam
2396 938 2413 967 ‚
2449 906 2518 956 ut

317 991 807 1069 elegantissimus
827 993 1247 1075 Quintilianus
1266 993 1533 1057 Tallium
1558 994 1965 1056 Demostheni
1992 1013 2369 1076 componere
2394 1013 2520 1056 non
2567 1071 2572 1078 .

318 1103 633 1165 vereatur,
664 1091 850 1155 facile
890 1105 1092 1175 potest
1133 1090 1430 1177 intelligi.
1484 1095 1641 1155 Nam
1683 1104 1781 1155 est
1814 1093 2157 1156 liberarum
2197 1092 2521 1158 civitatum

318 1192 529 1273 proles
547 1206 612 1254 et
630 1192 879 1256 alumna
898 1195 1276 1274 eloquentia,
1294 1213 1411 1255 nec
1434 1205 1669 1271 tamen,
1690 1194 1744 1255 si
1759 1193 2000 1257 veteres
2014 1206 2275 1278 spectes,
2292 1196 2523 1277 optime

320 1288 820 1367 constitutarum,
854 1292 922 1353 in
946 1291 1174 1373 quibus
1202 1291 1670 1355 Lacedaemonia
1698 1291 2096 1355 taciturnitas
2134 1311 2245 1355 suo
2282 1305 2348 1353 et
2376 1292 2519 1373 jure

319 1396 388 1448 et
406 1385 544 1448 loco
564 1385 711 1460 suin
742 1390 853 1450 sed
878 1408 1115 1465 earum,
1142 1390 1247 1470 qui
1266 1389 1368 1451 vel
1393 1387 1824 1467 magnitudine
1843 1392 1944 1452 vel
1968 1391 2090 1452 alia
2108 1388 2525 1472 qualicunque

252 1513 279 1528 -·
320 1486 464 1549 labe
489 1500 741 1567 turgere
769 1489 1165 1570 inceperunt,
1199 1504 1263 1552 et
1291 1504 1423 1551 tum
1451 1487 1643 1570 patrii
1673 1489 1864 1550 moris
1885 1490 2091 1552 oblitoe
2117 1493 2290 1554 vitiis
2309 1493 2434 1554 suis
2456 1493 2523 1554 in

320 1586 666 1669 perniciem
689 1587 960 1665 irruunt,
985 1603 1115 1651 tum
1140 1590 1207 1650 in
1228 1609 1337 1650 sua
1358 1588 1605 1653 viscera
1633 1593 1974 1662 saevientes,
2001 1589 2242 1654 viribus
2261 1595 2526 1673 denique

318 1684 559 1762 fractis,
593 1687 910 1749 dominum
935 1688 1100 1748 haud
1126 1688 1343 1748 invitae
1366 1685 1712 1768 accipiunt.
1757 1690 1972 1768 Neque
1996 1700 2204 1753 tamen
2228 1690 2375 1753 solis
2400 1704 2528 1752 tur·

321 1783 721 1847 bulentorum
760 1781 993 1847 civium
1037 1783 1398 1856 conatibus,
1429 1783 1921 1865 seditionumque
1966 1787 2232 1870 strepitu
2248 1834 2265 1862 ‚
2301 1800 2372 1849 ut
2399 1788 2532 1850 vult

323 1892 542 1942 auctor
577 1878 1074 1962 prestantissimi
1110 1878 1275 1941 illius
1313 1879 1561 1959 Dialogi
1589 1882 1664 1942 de
1697 1881 2043 1944 oratoribus
2070 1900 2130 1943 c.
2164 1883 2268 1959 34,
2297 1903 2407 1948 suo
2434 1905 2528 1948 se·

319 1980 464 2041 culo
504 1990 572 2040 et
610 1979 1096 2061 imperatoribus
1138 1976 1477 2055 obnoxius,
1527 1979 1718 2041 alitur
1746 1981 2134 2061 eloquentia;
2182 1983 2290 2045 sed
2330 1996 2424 2045 est
2460 1983 2529 2044 in

317 2077 594 2144 civitatis
620 2080 835 2142 libem
851 2080 1068 2142 habitu
1085 2093 1149 2142 et
1170 2082 1299 2143 vita
1321 2081 1577 2162 aliquid,
1603 2084 1771 2161 quod
1795 2083 1961 2144 vires
1974 2082 2214 2162 ingenii
2230 2085 2531 2147 excitatas

314 2177 634 2255 ingentem
666 2177 734 2238 in
762 2177 1012 2238 modum
1045 2179 1272 2256 erigat,
1315 2177 1512 2248 tollat,
1552 2180 1996 2256 angea13nihil
2026 2181 2219 2260 magis
2247 2180 2528 2243 homines

316 2274 539 2349 allicit,
572 2287 767 2349 tenet,
807 2276 1134 2350 demulcet,
1164 2296 1346 2358 quam
1375 2276 1560 2351 scire,
1597 2276 1838 2355 ingenii
1863 2280 2244 2362 praestantia,
2280 2281 2334 2341 si
2365 2300 2517 2361 prae·

317 2379 529 2439 sertim
565 2378 826 2440 accedat
860 2379 1177 2451 honestas,
1218 2376 1424 2439 omnia
1462 2397 1637 2458 posse
1673 2375 1871 2457 effici3
1913 2401 2111 2462 neque
2137 2383 2302 2443 hanc
2333 2381 2525 2443 ambi-

320 2471 577 2551 tionem,
596 2476 704 2536 sed
721 2475 1038 2554 egregiam
1054 2477 1338 2538 humanae
1356 2476 1581 2536 mentis
1596 2475 1886 2538 fiduciam
1907 2479 2176 2552 duxeris,
2198 2498 2325 2540 non
2349 2480 2529 2541 modo

320 2570 572 2649 dignam
599 2572 870 2646 homine,
899 2573 1007 2632 sed
1035 2572 1224 2634 etiam
1248 2572 1681 2645 necessariam,
1718 2574 2008 2652 quoniam
2037 2573 2307 2635 motibus
2336 2575 2527 2636 animi

322 2670 566 2748 maguis
605 2683 671 2732 et
703 2670 1117 2732 laudabilibus
1147 2667 1305 2731 nihil
1332 2667 1507 2754 aeq'ue
1533 2671 1824 2732 inservit.
1869 2671 1969 2734 Sic
2005 2672 2242 2743 Attica,
2278 2671 2370 2731 sic
2405 2672 2529 2734 Ro·

322 2789 509 2830 mana
537 2769 739 2830 mevit
765 2769 1157 2851 eloquentia3
1191 2770 1498 2832 obmutuit
1523 2783 1787 2852 utraque
1821 2783 1886 2832 et
1918 2772 1984 2832 in
2011 2770 2529 2832 declamationum

324 2865 831 2926 scholasticarum
857 2864 1121 2947 puerilia
1152 2867 1308 2928 abiit
1330 2868 1639 2940 acumina,
1675 2887 1815 2929 cum
1845 2868 2106 2930 libertas
2134 2867 2442 2930 sentiendi
2468 2880 2531 2928 et

323 2958 573 3024 dicendi
592 2962 938 3024 tolleretur.
962 2963 1199 3041 Vulgus
1219 2976 1426 3028 autem
1446 2966 1566 3040 hac
1587 2976 1794 3037 inlate,
1820 2986 2002 3047 quam
2027 2978 2305 3027 tractare
2325 2965 2527 3043 ingre*-

322 3061 552 3134 dimur,
586 3075 654 3124 ut
678 3081 948 3143 semper,
981 3060 1325 3145 impolitum
1352 3077 1421 3126 et
1446 3066 1628 3140 rude,
1699 3085 1826 3129 non
1857 3068 2180 3129 admodum
2222 3067 2522 3128 doctrinae

321 3171 389 3221 et
409 3159 605 3221 cultui
622 3159 909 3234 favebat3
941 3178 1143 3240 neque
1162 3161 1461 3224 absonum
1483 3177 1597 3234 est,
1614 3163 1782 3225 hanc
1802 3165 1881 3226 ab
1904 3164 2256 3226 hominibus
2275 3164 2534 3228 eruditis

323 3254 789 3329 dissimulatam,
822 3275 945 3338 quo
974 3267 1254 3338 tempore
1281 3276 1468 3319 scena
1498 3257 1825 3321 mimorum
1857 3261 2146 3322 ludibriis
2181 3274 2245 3322 et
2278 3260 2530 3322 saltato-

324 3371 465 3414 rum
497 3353 883 3434 impudicitia
911 3354 1239 3433 inquinata
1275 3367 1401 3427 est,
1438 3374 1558 3437 quo
1587 3355 1760 3419 nulla
1785 3357 1906 3420 fuit
1934 3356 2208 3420 historiae
2238 3357 2528 3439 scriptio,

324 3461 392 3512 et
415 3469 670 3511 carmen
696 3451 936 3530 epicum
957 3450 1168 3533 jejuna
1188 3471 1398 3514 rerum
1420 3467 1733 3532 gestarum
1758 3456 2158 3518 enarratione
2179 3451 2530 3516 constabat.

322 3550 520 3609 Artes
545 3546 790 3627 quidem
834 3548 1117 3610 nonnulli
1157 3550 1609 3611 reconditiores
1650 3553 2046 3626 tractabant3
2093 3564 2322 3633 praeter
2355 3549 2533 3612 Cice·

325 3667 545 3710 renem
583 3646 801 3719 Cotta,
847 3648 1207 3724 Lucretius,
1252 3650 1479 3710 Brutm
1517 3650 2002 3731 philosophiam3
2045 3655 2187 3718 Ser.
2218 3650 2536 3734 Sulpicius

321 3746 725 3832 jurisperitioe
747 3759 972 3821 artem,
996 3749 1084 3808 M.
1105 3750 1308 3810 Varro
1339 3761 1403 3810 et
1427 3750 1500 3811 P.
1528 3749 1807 3827 Nigidius
1832 3753 2081 3832 Figulus
2106 3774 2353 3817 omnem
2377 3754 2533 3816 anti·

328 3849 582 3930 quitatis
609 3846 1027 3931 disciplinam.
1053 3853 1291 3912 Verum
1319 3847 1386 3912 hi
1418 3848 1588 3912 inter
1618 3851 1845 3915 multos
1871 3855 2250 3935 paucissimi.
2280 3854 2536 3919 Nobiles

325 3969 479 4011 sane
494 3963 558 4012 et
575 3948 680 4030 qui
701 3952 779 4012 ad
797 3948 1188 4013 nobilitatem
1205 3969 1524 4032 emergere
1544 3953 1904 4035 cupiebant,
1922 3954 2342 4019 Ciceroniano
2360 3975 2534 4017 more

325 4049 564 4112 erudiri
598 4051 950 4124 voluerunt,
992 4049 1273 4132 quamvis
1303 4052 1466 4114 hunc
1502 4055 1707 4114 virum
1747 4073 1930 4116 nemo
1967 4057 2276 4134 elegantia
2314 4053 2532 4120 volun·

328 4152 474 4214 tatis
501 4162 608 4211 aut
631 4150 951 4213 indefesso!
968 4154 1169 4214 studio
1189 4169 1494 4232 aequal-013
1530 4176 1730 4237 neque
1766 4154 2028 4230 Calidio,
2063 4156 2280 4231 Coelio,
2316 4157 2532 4228 Bruto,

326 4249 543 4325 Calvo,
571 4248 781 4312 multis
810 4247 950 4311 aliis
976 4247 1166 4333 objici
1192 4262 1457 4333 poterat,
1485 4254 1669 4315 rudes
1703 4273 1835 4317 esse
1855 4254 2189 4324 literarum
2215 4254 2535 4317 humanio-
