3367 5417
1406 446 1482 514 71

350 586 591 648 litatem
636 585 1013 656 transmisit,
1054 596 1118 646 et
1160 597 1429 668 praetura
1474 603 1534 646 a.
1577 584 1700 646 672
1754 599 1949 664 gesta,
1984 585 2196 657 consul
2221 585 2419 651 factus
2456 601 2548 649 est

343 705 483 748 cum
508 684 630 749 Cn.
655 686 923 750 Octavio
950 705 1013 748 a.
1042 683 1188 760 677,
1222 704 1391 752 anno
1419 696 1567 750 ante
1587 684 1862 757 Cottam,
1897 685 2132 750 duobus
2159 699 2294 767 post
2325 689 2407 769 Q.
2436 690 2549 750 Ln-

340 783 559 848 tatium
587 783 671 867 Q.
695 783 766 846 F.
791 782 1099 848 Catulum.
1137 783 1341 863 Igitur
1374 781 1521 867 jure
1542 783 1882 846 secundnm
1915 782 2055 846 Cic.
2078 782 2202 849 off.
2231 786 2319 858 11,
2348 785 2448 856 17,
2485 804 2551 846 se

336 882 475 944 sine
504 900 765 945 munere
793 883 1067 948 honores
1088 879 1255 944 dixit
1287 882 1603 965 adeptum.
1653 883 1750 945 Ex
1778 882 2101 948 consulatu
2127 882 2549 946 Macedoniam

334 999 451 1061 per
477 980 820 1044 triennium
860 980 1060 1054 rexit,
1107 979 1402 1062 belloque
1429 1001 1572 1044 eum
1600 979 1915 1042 Dardanis
1944 979 2107 1042 bene
2134 994 2305 1058 gesto
2333 982 2548 1044 nium·

332 1074 553 1159 phavit
598 1075 777 1161 (Cic.
815 1077 933 1143 Or.
972 1075 1042 1140 in
1077 1075 1285 1144 Pison.
1331 1100 1388 1142 c.
1428 1079 1555 1165 19).
1608 1076 1930 1140 Fortuitus
1953 1088 2050 1138 est
2078 1095 2262 1139 error
2285 1078 2549 1144 Andreae

333 1173 603 1247 Schotti,
618 1174 727 1255 qui
740 1172 948 1253 Pighii
959 1174 1237 1236 Annales
1254 1173 1584 1257 supplevit,
1609 1174 1688 1235 ad
1709 1191 1768 1235 a.
1797 1171 1945 1248 683,
1970 1193 2033 1255 p.
2056 1170 2203 1248 308,
2217 1170 2549 1236 Set-vilium

339 1273 663 1334 Cur-abnam
690 1270 1061 1351 exhibentia,
1085 1275 1185 1338 vel
1212 1294 1295 1338 ex
1312 1276 1427 1338 Ms.
1453 1275 1743 1356 quodam,
1768 1285 1927 1338 teste
1949 1274 2183 1336 Ludov.
2212 1272 2546 1346 Carrione,

340 1369 718 1448 Caepionem.
772 1371 933 1436 Huic
977 1371 1369 1455 provinciam
1411 1361 1724 1454 adjectam
1764 1367 2068 1434 Achaiam
2107 1381 2390 1453 oportet,
2442 1383 2550 1432 aut

335 1472 544 1534 minus
571 1485 867 1536 accurate
894 1473 1169 1536 locutum
1191 1471 1551 1546 Asconium,
1577 1471 1686 1552 qui
1714 1489 1792 1534 ex
1816 1468 1928 1536 illa
1946 1473 2425 1552 repetundarum
2452 1490 2551 1532 ae-

337 1584 619 1635 cusatum
637 1572 837 1635 refert
856 1574 937 1638 ad
952 1574 1211 1636 Verrin.
1236 1574 1289 1646 1,
1315 1573 1382 1635 2.
1422 1570 1615 1636 Addit
1636 1583 1849 1632 tamen
1869 1569 2025 1632 alios
2042 1590 2168 1634 non
2190 1571 2549 1641 Curionem,

334 1673 447 1736 sed
465 1672 737 1755 Oppium
760 1674 1092 1753 quemdam
1111 1671 1385 1742 tradere.
1419 1672 1544 1734 Sed
1561 1666 1795 1731 diserte
1822 1670 1989 1731 idem
2014 1671 2091 1730 ad
2111 1670 2363 1732 Cornel.
2383 1691 2447 1752 p.
2474 1671 2554 1732 63

335 1773 482 1849 Or„
512 1769 827 1838 Balearici
866 1770 1084 1847 filium,
1118 1774 1424 1852 Nepotem
1451 1769 1774 1833 Metellum
1802 1787 1840 1831 a
1866 1767 2142 1832 Curione
2182 1770 2330 1832 olim
2372 1789 2556 1831 accu-

332 1858 541 1936 satum
565 1872 758 1947 dicit3
794 1891 991 1952 quare
1017 1874 1075 1934 N
1077 1891 1226 1953 epos
1244 1891 1284 1932 a
1304 1868 1454 1944 filio,
1483 1871 1587 1932 cui
1607 1870 1773 1932 idem
1793 1870 1909 1932 suit
1929 1886 2259 1949 agnomen,
2283 1870 2558 1934 moriens

333 1973 613 2060 petierit,
644 1986 713 2034 ut
740 1971 881 2053 pari
911 1972 1162 2036 actione
1190 1967 1512 2032 inimicum
1541 1989 1720 2032 suum
1748 1970 2188 2042 ulcisceretur3
2215 1968 2554 2034 Curionem

336 2084 578 2146 autem,
612 2080 1018 2153 ἀντικατηγορίαν
1056 2063 1487 2140 minitantem,
1530 2067 1825 2148 pactione
1852 2067 2017 2128 facta
2046 2062 2393 2148 periculum
2430 2066 2557 2130 elu-

330 2166 508 2234 sisse.
560 2164 798 2230 Metelli
839 2159 1117 2230 accusati
1161 2158 1447 2224 meminit
1485 2161 1673 2224 etiam
1719 2163 2060 2245 Appuleius
2099 2162 2283 2244 Apol.
2325 2183 2387 2245 p.
2427 2164 2540 2226 511

332 2267 621 2332 Elmenh.
666 2263 771 2348 (p.
803 2267 879 2329 71
920 2260 1116 2349 Bip.).
1166 2264 1386 2326 Postea
1414 2261 1620 2327 civem
1646 2283 1776 2325 non
1801 2263 1952 2326 satis
1978 2275 2399 2338 constantem,
2444 2267 2552 2327 sed

333 2365 437 2428 vel
476 2385 550 2427 ex
593 2383 705 2428 ore
743 2363 1093 2446 potentium
1133 2364 1545 2443 pendentem,
1590 2363 1695 2425 vel
1737 2361 1861 2426 levi
1890 2360 2321 2443 qualicumque
2360 2363 2552 2428 animi

336 2474 511 2526 motu
534 2461 865 2544 impulsum
893 2457 1045 2539 egit.
1076 2456 1265 2524 Verri
1291 2457 1448 2521 favit
1479 2454 1765 2541 (verrin.
1792 2459 1846 2533 1,
1872 2460 1960 2535 7),
1996 2458 2202 2537 legem
2227 2456 2552 2524 Maniliam

336 2579 449 2622 suo
472 2555 768 2637 suffragio
788 2555 1035 2639 -adjuvit
1065 2553 1213 2638 (Pro
1235 2550 1455 2618 Manil.
1483 2576 1543 2617 c.
1568 2554 1697 2639 23),
1725 2571 1971 2618 rursum
1991 2553 2252 2620 Caesaris
2279 2556 2545 2634 libidini,

336 2657 619 2740 quamvis
649 2678 789 2722 cum
818 2657 1117 2739 Pompeio
1138 2652 1372 2737 juncti,
1398 2655 1695 2735 gravibus
1722 2652 2051 2718 sententiis
2077 2668 2140 2718 et
2167 2656 2553 2722 orationibus

334 2754 407 2816 in
446 2765 664 2818 senatu
690 2750 926 2816 habitis
963 2754 1320 2816 adversatus
1354 2764 1482 2828 est,
1530 2754 1637 2814 sed
1684 2752 1915 2816 frustra
1946 2746 2164 2831 (Brut.
2195 2772 2251 2814 c.
2281 2753 2386 2824 60,
2416 2755 2548 2840 61).

337 2847 552 2913 Coluit
578 2861 785 2912 autem
806 2845 1134 2916 Ciceronis
1153 2845 1498 2911 amicitiam
1519 2844 1815 2930 (Philipp.
1838 2850 1928 2921 11,
1951 2849 2026 2912 18
2044 2852 2250 2932 ;.Epp.
2273 2853 2354 2914 ad
2375 2849 2547 2916 divv.

340 2951 432 3026 11,
458 2948 542 3028 5),
575 2946 804 3032 quippe
838 2969 878 3010 a
905 2947 1125 3014 Clodio
1148 2948 1515 3012 verberibus
1542 2959 1856 3030 aceeptus,
1891 2967 2031 3010 cum
2055 2969 2245 3012 senex
2273 2963 2338 3011 et
2363 2952 2551 3014 hono-

339 3061 513 3112 ratus
538 3066 654 3129 pro
677 3042 987 3111 Cicerone
1014 3048 1482 3130 deprecaretur.
1515 3043 1624 3109 Sic
1646 3059 1820 3108 certe
1841 3045 1962 3106 Dio
1980 3047 2333 3119 XXXVIII,
2363 3068 2424 3110 c.
2446 3051 2548 3111 16.

339 3148 476 3212 Hac
503 3147 581 3218 de
608 3165 796 3210 causa
824 3142 1170 3208 orationem
1205 3140 1532 3208 Ciceronis
1567 3143 1636 3208 in
1662 3143 1945 3208 Clodium
1972 3154 2036 3207 et
2057 3139 2414 3216 Curionem,
2447 3164 2553 3206 εω-

338 3239 478 3325 pius
505 3254 914 3308 memoratam
936 3239 1337 3324 Quintiliano
1361 3241 1476 3314 111,
1507 3241 1566 3315 7,
1600 3241 1678 3317 2;
1717 3242 1795 3316 V,
1828 3239 1935 3314 10,
1961 3240 2076 3312 92,
2123 3240 2299 3313 vlu,
2334 3240 2398 3314 3,
2426 3239 2548 3322 81ςΙ

344 3341 406 3416 6,
437 3344 553 3416 56;
587 3343 702 3418 IX,
731 3343 821 3415 2,
800 3345 929 3416 96,
952 3342 1078 3406 Jul
1106 3339 1429 3408 Rufinian.
1455 3361 1519 3423 p.
1549 3341 1666 3405 196
1694 3339 1948 3404 Ruhnk.
1974 3351 2037 3400 et
2064 3334 2285 3420 saepius
2307 3359 2409 3421 ap.
2436 3340 2555 3406 No·

340 3442 541 3516 nium,
568 3462 695 3508 nnn
722 3457 1007 3526 spectare
1022 3443 1359 3512 Curionem
1385 3455 1631 3527 patrem
1658 3456 1833 3506 recte
1853 3441 2167 3525 judicavit
2187 3443 2266 3502 ad
2268 3442 2554 3550 ‘primum

339 3537 724 3625 Quintiliani
748 3542 952 3608 locum
977 3543 1391 3624 Spaldingius.
1422 3544 1593 3604 Idem
1614 3555 1825 3614 tamen
1844 3543 2060 3604 eadem
2080 3536 2408 3602 occasione
2430 3560 2554 3606 non

342 3638 608 3704 multum
635 3636 833 3712 abest,
866 3636 1016 3717 quin
1044 3637 1321 3702 Manutio
1351 3637 1638 3709 accedat,
1688 3635 1792 3714 qni
1820 3649 2065 3715 patrem
2095 3633 2479 3698 Curionem
2460 3656 2553 3702 lu·

343 3737 581 3804 tellexit
606 3736 675 3800 in
705 3735 840 3799 Cic.
870 3736 1029 3817 Epp.
1057 3736 1138 3796 ad
1158 3736 1289 3796 Att.
1312 3735 1428 3808 111,
1461 3733 1577 3806 153
1606 3752 1683 3794 ea
1709 3733 2018 3814 praecipoe
2047 3733 2124 3794 de
2154 3751 2357 3810 causa,
2390 3738 2552 3817 quod

345 3837 635 3914 Curionis
659 3832 777 3902 filii
801 3847 866 3897 et
891 3832 1093 3898 Clodii
1124 3854 1229 3898 res
1256 3852 1575 3914 nunquam
1598 3832 1970 3915 conjunctas
1987 3835 2319 3900 memorari
2341 3833 2551 3902 existi·

344 3947 500 4000 mat.
529 3936 709 4018 Quod
726 3945 1159 4014 argumentum
1177 3953 1315 3998 cum
1336 3932 1568 3996 rectius
1585 3933 1664 3994 ad
1680 3933 1948 4010 alteram
1963 3942 2204 4013 partem
2223 3934 2554 4000 transferri

345 4042 633 4114 poterat3
676 4044 827 4105 tum,
870 4029 974 4109 qui
1003 4026 1071 4092 in
1095 4027 1334 4110 judicio
1365 4027 1445 4093 de
1471 4025 1885 4107 religionibus
1913 4048 1948 4088 a
1975 4025 2194 4091 Clodio
2225 4027 2385 4092 laesis
2413 4030 2552 4092 Clo·

348 4132 571 4206 dianas
596 4151 822 4215 operas
846 4131 1021 4194 duxit
1039 4177 1057 4208 ,
1090 4146 1153 4193 et
1178 4131 1384 4211 gregis
1409 4130 1793 4192 Catilinariae
1820 4129 2112 4212 princeps
2138 4131 2448 4214 populum,
2483 4147 2551 4196 nt

349 4231 736 4312 rogationem
764 4230 1137 4312 antiquaret,
1163 4224 1539 4305 obsecravit,
1560 4225 1760 4296 filiola
1780 4229 1886 4294 illa
1910 4228 2219 4304 Curionis,
2248 4244 2316 4296 ut
2334 4234 2556 4314 saepius
