3367 5417
1446 495 1535 567 85

403 648 463 691 c.
482 627 583 691 73.
628 626 810 697 Unde
835 612 980 693 'ante
1006 646 1234 694 annum
1253 629 1373 696 706
1400 651 1526 695 non
1554 651 1686 696 esse
1714 644 2028 697 mortuum
2054 630 2309 696 Calvum
2339 629 2573 713 colligi-

396 740 522 797 tur.
550 727 672 805 Sed
699 747 837 791 cum
864 728 1088 793 Cicero
1116 751 1176 793 a.
1197 731 1231 793 7
1235 730 1316 797 09
1335 734 1419 796 ad
1439 729 1817 798 Trebonium
1837 733 1913 795 de
1936 731 2127 797 Calvo
2146 732 2380 795 scribat
2394 731 2570 815 (Epp.

396 827 475 888 ad
497 826 666 888 divv.
686 826 824 896 XV,
850 825 981 912 21),
1009 827 1151 888 iude
1179 828 1455 908 colligas,
1490 842 1639 893 ante
1664 840 1973 892 mortuum
1997 848 2164 903 esse3
2196 825 2575 910 disciturque

393 942 472 984 ex
498 920 636 985 loc'o
659 922 840 984 Bruti
868 943 926 985 c.
953 925 1058 998 81,
1087 942 1206 1003 quo
1233 937 1510 1009 tempore
1527 922 1693 988 liber
1714 925 1979 1007 scriptus
1997 937 2113 1001 est,
2134 923 2412 1006 proxime
2432 937 2574 987 ante

393 1018 640 1082 obiisse.
656 1020 907 1081 Brutum
926 1032 1129 1082 autem
1148 1021 1441 1105 seriptum
1460 1035 1704 1085 constat
1716 1021 1903 1086 anos
1913 1034 2195 1096 exeunte,
2211 1013 2311 1083 vel
2322 1016 2576 1081 ineunte

394 1115 579 1179 21:107
602 1137 622 1189 3
657 1135 722 1178 v.
741 1116 987 1200 proefat.
1014 1128 1310 1181 nostram.
1349 1116 1551 1182 Etiam
1578 1139 1719 1182 cum
1741 1118 2070 1193 Cicerone,
2101 1117 2209 1181 cui
2228 1116 2309 1179 ob
2336 1129 2577 1199 patrem

391 1212 542 1274 olim
561 1212 913 1276 damnatum
934 1212 1205 1277 infensus
1225 1212 1456 1291 erat,in
1479 1212 1747 1295 gratiam
1764 1211 1978 1288 rediit,
2004 1225 2074 1276 ut
2098 1213 2305 1296 plures
2336 1232 2576 1293 quoque

394 1311 665 1394 epistolae
681 1312 862 1376 Tullii
884 1315 963 1377 ad
983 1312 1241 1377 calvum
1258 1328 1574 1383 exstarent
1591 1316 1815 1401 (Prisc.
1834 1314 1948 1391 IX,
1967 1336 2027 1399 p.
2045 1312 2167 1378 46'9
2183 1316 2284 1376 ed.
2302 1311 2571 1397 Krehl.).

392 1412 659 1491 Exiguus
685 1430 947 1495 corpore
971 1414 1110 1493 fuit,
1139 1419 1303 1497 quod
1327 1418 1606 1481 Catullus
1630 1417 1886 1489 amicuS,
1918 1417 2026 1479 sed
2051 1416 2158 1497 qni
2182 1435 2310 1478 non
2332 1434 2574 1498 semper

390 1509 625 1574 salibus
651 1523 1033 1593 temperaret
1054 1557 1073 1587 ,
1105 1516 1325 1598 Epigr.
1348 1519 1492 1580 LIV
1531 1514 1695 1581 risit.
1738 1515 1919 1577 Cous.
1949 1513 2245 1577 Senecam
2274 1515 2570 1576 Controv.

370 1610 502 1685 ‘111,
527 1609 629 1686 19,
645 1607 832 1674 Ovid.
847 1610 1038 1672 Trist.
1054 1613 1138 1688 11,
1160 1612 1313 1675 431.
1342 1611 1632 1691 Exiguus
1651 1612 1798 1693 qnid
1812 1613 1894 1673 sit
1909 1613 2034 1673 hoc
2050 1629 2229 1672 versu
2247 1609 2572 1685 Ovidiano,

392 1706 625 1788 primus
644 1705 927 1785 Scaliger
945 1706 1105 1769 vidit
1122 1707 1201 1767 ad
1221 1704 1451 1768 Catull.
1472 1706 1522 1768 l.
1546 1725 1636 1783 c.,
1663 1708 1942 1788 quamvis
1957 1708 2172 1770 videre
2192 1704 2372 1766 facile
2391 1718 2573 1767 esset.

393 1803 760 1865 Valetudine
781 1803 1137 1865 adolescens
1157 1823 1283 1865 non
1305 1803 1549 1883 integra
1570 1803 1708 1876 fuit,
1733 1806 1841 1867 sed
1860 1803 2028 1886 justo
2054 1803 2288 1875 labore,
2310 1821 2580 1883 sanoque

396 1912 462 1962 et
485 1900 649 1981 frugi
673 1902 822 1963 vitae
844 1918 1076 1979 genere
1100 1899 1431 1963 roboratus
1458 1911 1574 1960 est.
1606 1903 1687 1977 V:-
1719 1898 1888 1962 Plin.
1921 1903 2000 1963 Η.
2034 1902 2111 1962 Ν.
2145 1897 2433 1973 XXXIV,
2473 1901 2572 1962 18.

392 1991 576 2060 AEdes
597 1995 772 2060 Calvi
798 2009 935 2077 poet
962 1995 1041 2057 ad
1066 1998 1402 2076 Augustum
1429 1982 1778 2078 pervenere
1803 1996 1997 2080 (Suet.
2021 1997 2179 2075 Aug.
2205 2015 2267 2057 c.
2285 1995 2428 2083 72);
2460 2012 2578 2057 nec

391 2109 598 2158 tamen
627 2115 768 2158 cum
794 2095 1091 2175 Buriguio
1116 2095 1262 2158 inde
1290 2091 1602 2175 colligam,
1634 2094 1894 2158 Calvum
1931 2094 2099 2158 inter
2131 2096 2393 2158 maxime
2429 2114 2575 2157 con·

386 2195 633 2278 spicuoe
654 2215 732 2259 eo
756 2207 1035 2278 tempore
1059 2192 1229 2258 cives
1243 2196 1554 2257 Romanos
1575 2193 1781 2260 fuisse.
1814 2196 1949 2258 Hoc
1969 2209 2173 2258 autem
2190 2195 2577 2259 confidenter

390 2289 540 2374 poni
565 2294 734 2367 licet,
763 2292 1089 2356 dolendum
1115 2311 1272 2366 esse,
1306 2293 1468 2372 quod
1505 2291 1645 2353 viro
1684 2303 1816 2353 tam
1854 2293 2089 2373 egregii
2128 2292 2401 2372 ingenii,
2440 2304 2569 2354 tam

389 2391 661 2472 integro,
689 2402 818 2453 tam
845 2390 1099 2467 diserto,
1124 2401 1402 2472 tempora
1428 2386 1646 2471 quibus
1663 2389 1832 2472 justa
1855 2388 2069 2453 harum
2096 2387 2398 2452 virtutum
2421 2408 2571 2473 prae·

392 2491 518 2554 mia
543 2491 836 2574 consequi
864 2479 1097 2573 posset,
1131 2509 1256 2553 non
1287 2490 1683 2569 contigerint.
1725 2484 2048 2580 [Legenda
2074 2489 2573 2575 praestantissima

394 2587 829 2657 commentatio
848 2589 1227 2662 Weicherti,
1257 2589 1352 2650 De
1371 2587 1444 2651 C.
1467 2583 1710 2650 Licinio
1728 2588 1921 2669 Calvo
1951 2594 2156 2670 poeta,
2189 2589 2256 2650 in
2275 2587 2575 2669 Reliquiis

391 2703 634 2772 poetar.
658 2692 722 2770 p.
750 2686 1009 2760 89-146,
1038 2686 1143 2749 ubi
1168 2688 1347 2771 plura
1373 2688 1451 2751 de
1476 2686 1612 2769 ejus
1628 2688 1785 2765 vita,
1817 2687 2023 2768 aliqua
2052 2687 2238 2749 etiam
2266 2689 2344 2749 de
2371 2698 2573 2749 orato·

394 2789 511 2851 riis
540 2786 735 2869 ipsius
771 2782 1162 2877 virtutibus]

484 2884 591 2949 64.
622 2882 878 2948 calvum
904 2895 1147 2965 poetam
1162 2904 1270 2947 sua
1295 2896 1478 2947 aetate
1507 2904 1631 2948 uon
1660 2895 2099 2966 contemptum,
2131 2895 2439 2944 oratorem
2468 2901 2572 2943 an·

397 2994 526 3045 tem
566 2982 736 3044 inter
769 3000 898 3054 eos,
944 2982 1050 3062 qui
1089 2981 1433 3045 siccitatem
1471 2980 1643 3042 illam
1680 2980 1953 3043 Atticam
1994 2979 2349 3053 maluerint,
2391 2980 2573 3062 plane

394 3077 685 3143 eximium
723 3079 902 3142 fuisse
936 3090 1208 3143 constat.
1252 3080 1337 3142 Et
1368 3074 1736 3143 Ciceronem
1776 3078 2018 3160 quidem
2054 3078 2349 3141 infensius
2388 3078 2464 3140 de
2500 3096 2576 3139 eo

369 3176 674 3262 'judicare
701 3174 768 3239 in
795 3176 973 3238 Brut.
1000 3193 1062 3237 c.
1082 3175 1164 3239 82
1199 3170 1393 3256 (conf.
1417 3175 1574 3257 Epp.
1598 3175 1677 3235 ad
1703 3170 1873 3238 diw.
1896 3176 2043 3247 XV,
2066 3173 2172 3258 21)
2201 3193 2325 3236 non
2352 3172 2576 3235 mirum

393 3277 731 3353 videbitur,
767 3276 823 3339 si
860 3275 1174 3340 recordati
1211 3275 1534 3352 fuerimus,
1567 3295 1684 3356 qua
1693 3287 1862 3338 utam
1888 3274 2219 3337 multorum
2245 3273 2575 3356 reprehen-

398 3374 636 3438 sionem
670 3394 935 3436 summus
972 3367 1185 3436 orator
1209 3362 1494 3450 subierit,
1528 3376 1691 3455 quod
1717 3365 2036 3456 exem‘plis,
2068 3393 2201 3454 quoe
2227 3373 2425 3433 adhuc
2449 3371 2577 3433 fue·
2652 3452 2659 3457 .

261 3472 266 3480 '
398 3483 571 3544 rant,
614 3471 716 3532 vel
756 3472 955 3549 major
990 3471 1224 3551 utique,
1258 3472 1360 3534 vel
1394 3484 1567 3535 certe
1607 3469 1851 3552 plenior
1892 3483 1957 3533 et
1993 3469 2413 3534 vehementior
2450 3487 2580 3528 esse

396 3567 615 3633 vellet.
665 3565 923 3632 Calvum
957 3580 1160 3630 autem
1197 3569 1372 3649 quasi
1413 3569 1763 3652 principem
1800 3570 2024 3632 horum
2066 3567 2579 3649 reprehensorum

397 3662 586 3729 fuisse
616 3674 884 3737 constat,
929 3673 1001 3724 ut
1038 3660 1146 3744 q'ui
1187 3660 1401 3725 nervis
1439 3684 1657 3728 carere
1684 3664 2047 3730 Ciceronem
2075 3663 2337 3742 dixerit3
2384 3664 2492 3725 sed
2515 3675 2580 3724 et

401 3765 490 3826 M.
511 3766 770 3828 Brutum
807 3775 872 3827 et
911 3762 1102 3825 multo
1129 3760 1323 3841 magis
1348 3761 1686 3826 Pollionem
1715 3763 1994 3828 Asinium
2020 3764 2099 3828 ab
2128 3765 2245 3827 hac
2272 3761 2580 3827 sententia

402 3881 531 3925 non
551 3863 784 3926 alienos
798 3863 983 3925 fuisse
1000 3873 1381 3944 eompertum
1400 3862 1717 3926 habemus.
1737 3863 1892 3928 Vide
1910 3865 2077 3928 Dial.
2095 3866 2171 3928 de
2189 3874 2373 3927 oratt.
2394 3882 2452 3926 c.
2473 3862 2575 3937 18,

403 3958 539 4024 Cic.
578 3960 733 4043 Epp.
770 3962 848 4024 ad
879 3962 1014 4027 Διὶ..
1038 3958 1206 4035 XIV,
1235 3959 1350 4035 203
1383 3961 1496 4025 XV
1548 3959 1607 4036 1,
1643 3961 1741 4024 De
1767 3974 1895 4044 opt.
1917 3980 2061 4041 gen.
2085 3973 2399 4024 oratorum
2428 3978 2488 4021 c.
2510 3958 2574 4018 4.

402 4055 739 4134 Exsanguis
774 4068 992 4119 contra
1019 4069 1089 4120 et
1125 4058 1374 4119 attritus
1398 4055 1692 4121 Ciceroni
1727 4056 1895 4119 visus
1920 4070 2036 4119 est.
2089 4058 2212 4122 Sed
2247 4056 2489 4132 longam
2517 4068 2581 4116 et

405 4149 851 4233 iniqu‘nsimam
883 4150 1055 4215 litem
1090 4153 1167 4214 de
1202 4154 1560 4237 principatu
1585 4151 1947 4234 eloquentiae
1973 4171 2114 4214 cum
2140 4149 2443 4214 Cicerone
2470 4149 2577 4214 ha·

431 4250 592 4326 buit,
621 4249 838 4333 judice
871 4251 1028 4317 haru
1074 4271 1279 4316 rerum
1310 4254 1533 4336 perito,
1571 4254 1656 4313 Μ.
1684 4250 1943 4330 Seneca,
1978 4249 2275 4312 Controv.
2309 4249 2432 4325 ΙΙΙ,
2471 4250 2574 4313 19.
