3367 5417
1482 501 1622 579 269

537 637 701 704 Ibid.
715 659 774 702 c.
794 639 875 704 73
892 662 910 703 ε
926 640 1140 704 Malim
1162 640 1314 702 mihi
1329 643 1400 703 L.
1416 637 1626 704 Crassi
1649 657 1836 702 unam
1858 657 1974 721 pro
1989 637 2094 701 Μ’.
2108 637 2299 702 Curio
2319 640 2655 705 dictionem

453 758 642 821 quam
664 738 1041 802 castellanos
1064 734 1410 821 triumphos
1429 740 1571 801 duo.

531 836 671 901 Cic.
696 836 794 898 De
814 847 976 900 orat.
1005 837 1095 911 ll,
1122 839 1187 911 6,
1215 835 1294 898 24
1320 858 1340 898 z
1376 835 1562 912 Illud,
1586 836 1751 917 quod
1775 853 1890 914 ego
1910 830 1978 898 in
2001 853 2184 898 causa
2201 834 2474 898 Curiana
2492 835 2654 899 Scae-

448 939 602 1002 voloe
618 935 774 1014 dixi,
798 957 924 1001 non
942 934 1075 1000 dixi
1096 957 1274 1002 secus
1291 957 1365 1001 ac
1384 935 1757 1002 sentiebam.
1784 934 1945 997 Nam
1964 939 2039 1011 si,
2062 936 2340 1018 inquam,
2356 935 2653 1010 Scaevola,
2718 1021 2731 1032 ἢ

446 1037 689 1098 nullum
727 1041 843 1097 erit
880 1051 1308 1097 testamentum
1344 1050 1508 1097 recte
1536 1033 1804 1114 factum,
1843 1038 1967 1094 nist·
2000 1037 2163 1119 quod
2198 1049 2262 1093 tu
2300 1038 2654 1114 scripsert’s,

444 1153 661 1194 omnes
691 1133 777 1192 ad
808 1147 868 1193 te
899 1138 1058 1195 cives
1084 1154 1225 1194 cum
1262 1132 1482 1193 rabulis
1515 1134 1858 1202 veniemus,
1889 1135 2164 1190 omnium
2200 1144 2558 1190 testamenta
2594 1145 2660 1190 tu

446 1233 682 1298 scribes
729 1255 903 1296 unus.
957 1235 1130 1318 Quid
1173 1239 1361 1315 igitur
1379 1234 1413 1293 ἑ)
1449 1234 1694 1320 quando
1739 1251 1890 1313 ages
1934 1233 2250 1313 negotium
2292 1232 2603 1311 publicum
2622 1230 2657 1290 Ρ

443 1336 687 1420 quando
723 1337 1067 1395 amicorum
1088 1331 1122 1392 Ρ
1155 1334 1395 1419 quando
1432 1347 1600 1393 mum
1622 1330 1656 1390 P
1693 1331 1933 1416 quando
1970 1331 2230 1416 denique
2265 1329 2423 1390 nihil
2448 1351 2602 1411 ages
2622 1329 2657 1389 2

445 1430 607 1493 Mihi
626 1435 796 1490 em'm
823 1430 985 1489 liber
1010 1450 1150 1490 esse
1175 1450 1301 1490 non
1330 1430 1588 1503 videtur,
1613 1433 1722 1514 qui
1744 1447 1868 1487 non
1895 1427 2217 1512 aliquando
2244 1426 2396 1487 nihil
2417 1432 2568 1507 agit.

529 1529 851 1596 Orationis
880 1529 1087 1613 capita
1113 1548 1305 1613 porro
1333 1540 1626 1592 recenset
1647 1527 1786 1592 Cic.
1811 1527 1877 1588 in
1897 1527 2013 1591 Or.
2040 1546 2158 1610 pro
2182 1526 2428 1590 Caecina
2451 1547 2511 1590 c.
2537 1528 2613 1590 18
2635 1550 2655 1602 ς

442 1630 658 1712 Topic.
687 1651 745 1693 c.
775 1630 877 1704 10,
899 1631 996 1691 De
1017 1639 1181 1692 orat.
1207 1629 1262 1703 l,
1290 1629 1577 1703 39,180;
1621 1631 1728 1702 57,
1755 1628 1915 1702 2423
1951 1628 2032 1704 ll,
2061 1627 2170 1705 32,
2204 1625 2524 1706 14o,141,
2559 1629 2657 1691 De

442 1726 684 1790 invent.
709 1728 799 1801 11,
822 1725 930 1802 42,
959 1727 1113 1801 1223
1136 1726 1403 1810 Quintil.
1418 1727 1564 1799 vll,
1591 1729 1654 1803 6,
1681 1726 1745 1787 9.

777 1931 880 1996 10.
928 1952 1152 1997 ons-no
1177 1953 1292 1997 rao
1318 1952 1420 1996 cu.
1448 1953 1679 1996 runco
1701 1951 1934 1997 coum
1961 1952 2028 1994 u.
2053 1951 2315 1995 sacrun.

523 2120 660 2187 Cic.
687 2124 784 2186 De
805 2134 967 2186 orat.
992 2124 1079 2198 11,
1107 2124 1212 2201 54,
1239 2123 1401 2188 2202
1431 2122 1596 2208 Quid
1623 2121 1692 2186 in
1716 2122 1884 2187 omni
1903 2120 2189 2187 oratione
2210 2122 2289 2185 ab
2311 2135 2450 2185 arte
2472 2120 2644 2204 adju·

435 2223 580 2286 vari
606 2225 809 2306 potuit
834 2221 1095 2287 Crassus
1122 2224 1223 2285 vel
1258 2227 1420 2306 apud
1447 2221 1873 2287 centumviros
1901 2236 2125 2287 contra
2150 2223 2520 2295 Scaevolam,
2553 2223 2654 2285 vel

436 2333 667 2385 contra
704 2334 1126 2386 accusatorem
1156 2324 1418 2384 Brutum
1443 2369 1463 2398 ,
1508 2341 1650 2385 cum
1688 2341 1803 2404 pro
1841 2320 1961 2386 Cn.
2007 2320 2242 2385 Planco
2280 2320 2521 2384 diceret
2537 2319 2650 2382 Ρ...

437 2422 602 2483 Nam
642 2419 779 2481 hoec
814 2425 1114 2501 perpetua
1143 2430 1366 2482 contra
1392 2418 1737 2483 Scaevolam
1765 2417 2042 2483 Curiana
2076 2417 2350 2482 defensio
2390 2429 2519 2479 tota
2559 2436 2655 2480 rc·

435 2521 742 2583 dundavit
765 2520 1085 2583 hilaritate
1113 2522 1379 2604 quadam
1403 2533 1472 2582 et
1485 2519 1657 2603 joco,
1682 2519 1853 2583 dicta
1872 2520 1986 2583 illa
2009 2519 2233 2583 brevia
2259 2538 2387 2582 non
2408 2518 2647 2581 habuit.

434 2655 528 2671 --
548 2620 624 2685 C.
648 2623 754 2698 55,
781 2620 903 2684 223
925 2645 943 2680 =
976 2623 1052 2682 In
1078 2622 1296 2696 Bruto,
1324 2639 1505 2704 quem
1530 2621 1754 2683 oderat
1771 2634 1838 2683 et
1864 2641 2046 2703 quem
2066 2620 2320 2700 dignum
2340 2630 2657 2683 contume-

434 2717 527 2781 lia
546 2716 893 2803 judicabat,
928 2729 1196 2797 utroque
1222 2736 1457 2797 genere
1481 2713 1808 2799 pugnavit.
1838 2718 2046 2801 Quam
2071 2718 2267 2779 multa
2286 2717 2363 2778 ‹le
2386 2715 2649 2788 balneis,

433 2836 593 2899 quas
628 2835 831 2898 nuper
863 2815 972 2877 ille
1003 2815 1399 2892 vendiderat,
1441 2835 1624 2897 quam
1659 2814 1852 2877 multa
1891 2817 1970 2879 de
2008 2814 2236 2879 amisso
2273 2813 2653 2899 patrimonio

433 2914 647 2979 dixit?
673 2920 877 2996 Atque
903 2914 1014 2978 illa
1041 2911 1299 2978 breviat
1335 2935 1476 2978 cum
1504 2911 1611 2978 ille
1637 2914 1899 2991 diceret,
1924 2935 1992 2978 se
2020 2914 2158 2978 sine
2184 2935 2372 2979 causa
2399 2917 2647 2990 sudare,

434 3015 713 3076 Minime
739 3016 990 3085 mt'rum,
1012 3009 1240 3095 inquit,
1265 3013 1445 3074 modo
1472 3015 1643 3071 enim
1668 3014 1856 3072 existi
1880 3012 1959 3072 de
1987 3010 2249 3075 balneis.
2286 3014 2652 3075 Innumera-

431 3110 590 3172 bilia
618 3109 1038 3193 hujuscemodi
1067 3109 1343 3184 suerunt,
1368 3108 1477 3171 sed
1506 3127 1633 3172 non
1665 3107 1874 3172 minus
1892 3105 2169 3188 jucunda
2190 3106 2298 3173 illa
2316 3122 2648 3194 perpetua.

431 3210 596 3275 Cum
624 3212 792 3273 enim
821 3211 1051 3272 Brutus
1087 3211 1240 3273 duos
1277 3211 1542 3273 lectores
1568 3209 1929 3283 excitasset,
1962 3221 2029 3271 et
2068 3207 2254 3273 alteri
2293 3212 2371 3273 de
2408 3207 2654 3275 colonia

431 3309 832 3374 Narbonensi
862 3308 1071 3373 Crassi
1106 3309 1454 3374 orationem
1489 3308 1812 3388 legendam
1854 3308 2139 3386 dedisset,
2174 3310 2357 3372 alteri
2398 3311 2479 3373 de
2516 3310 2656 3392 lege

429 3410 726 3487 Servilia,
754 3422 818 3472 et.
847 3430 986 3473 cum
1011 3410 1333 3474 contraria
1361 3409 1531 3474 inter
1565 3431 1701 3474 sese
1729 3411 1810 3472 de
1841 3410 2165 3494 republica
2194 3412 2402 3497 capita
2433 3424 2653 3476 contu·

427 3503 652 3569 lisset:
685 3517 900 3569 noster
925 3508 1029 3570 hic
1054 3504 1429 3571 facetissime
1457 3521 1588 3571 tres
1617 3507 1817 3592 patris
1845 3509 2029 3571 Bruti
2077 3511 2154 3572 de
2188 3508 2334 3593 jure
2370 3507 2549 3574 civili
2584 3509 2656 3574 li·

421 3603 632 3666 bellos
661 3600 863 3666 tribus
887 3602 1181 3683 legendos
1207 3604 1399 3666 dedit.
1433 3605 1529 3666 Ex
1558 3605 1727 3668 libro
1755 3605 1996 3688 primo=
2030 3608 2222 3667 Forte
2249 3613 2464 3682 evenit,
2490 3623 2556 3669 ue
2579 3615 2646 3671 ἰη

413 3698 781 3762 Privernati
806 3718 1103 3760 essemus.
1138 3701 1345 3775 Brute,
1378 3701 1736 3778 testificatur
1751 3716 1954 3780 pater,
1990 3722 2060 3763 se
2091 3701 2209 3763 tibi
2222 3702 2655 3766 Prt'vernaoem

397 3800 690 3882 fundum
719 3799 1065 3885 reliquisse.
1100 3799 1343 3863 Deinde
1372 3820 1449 3863 ex
1473 3799 1639 3863 libro
1664 3802 1975 3865 secundos
2011 3801 2091 3864 In
2119 3803 2372 3865 Albano
2402 3825 2655 3866 eramus

418 3916 553 3976 ego
582 3910 643 3956 ee
666 3898 916 3957 Marcus
915 3896 1123 3977 filius.
1160 3898 1425 3980 Sapiens
1455 3897 1743 3959 videlicet
1774 3897 1958 3960 homo
1989 3920 2131 3959 cum
2162 3905 2397 3980 primis
2423 3917 2654 3965 nostroe

417 3997 702 4056 civitatc's
723 4011 906 4056 norae
926 3995 1085 4056 hunc
1111 4000 1424 4077 gurgitem
1435 4024 1467 4076 ,·
1493 3995 1824 4067 metuebat,
1845 4016 1948 4071 ne,
1972 4016 2114 4057 cum
2136 4002 2191 4058 t's
2210 3998 2365 4059 nihil
2379 3998 2656 4073 bahem,

417 4092 587 4154 nihil
608 4116 747 4157 esse
772 4104 843 4157 et·
858 4098 1136 4157 relictum
1159 4112 1499 4175 putaretur.
1530 4100 1689 4167 Tum
1708 4118 1784 4161 ex
1802 4099 1969 4162 libro
1998 4100 2210 4178 tertio,
2231 4102 2300 4164 in
2321 4121 2443 4185 quo
2462 4102 2657 4166 finem

417 4188 752 4256 scribendi
780 4192 964 4257 fecit:
999 4195 1078 4254 In
1111 4191 1542 4274 Tibum‘forte
1575 4197 1928 4261 assedimus
1954 4220 2073 4283 ego
2099 4215 2159 4261 et
2177 4201 2434 4263 Marcus
2437 4201 2646 4283 filcus

430 4289 571 4350 Ubi
605 4306 741 4352 sum
779 4291 844 4351 ii·
856 4292 1067 4374 fimdi,
1096 4293 1307 4367 Brute,
1337 4313 1488 4377 quos
1525 4292 1638 4353 tibi
1669 4308 1853 4373 puter
1879 4296 2149 4374 publicis
2185 4304 2653 4363 commentariis

2713 2990 2853 3067 155
