3367 5417
1842 471 1979 542 382

897 603 1058 666 ibid.
1094 607 1129 684 ξ
1165 607 1229 666 11
1274 627 1289 666 2
1325 604 1433 668 Ait
1457 610 1658 670 oratio
1689 629 1704 668 ε
1737 608 1811 670 Se:
1831 614 2007 687 prior
2039 615 2169 670 vita
2198 612 2549 682 decesserit,
2584 612 2687 692 qui
2729 608 3024 667 donatum

810 709 1068 781 accepit.

1220 891 1517 963 CXXV.
1576 895 1667 986 Q.
1727 894 2051 967 Aurelius
2104 894 2597 992 Symmachus·

893 1119 950 1180 ls
977 1120 1135 1181 vixit
1159 1122 1305 1183 inde
1328 1123 1407 1184 ab
1430 1141 1597 1186 anno
1616 1124 1873 1185 circiter
1918 1122 2039 1185 350
2066 1135 2203 1204 post
2231 1120 2544 1184 Christum
2570 1118 2776 1196 (1102
2797 1122 2878 1187 U.
2926 1123 3025 1203 c.)

807 1239 999 1302 usque
1019 1225 1097 1286 ad
1120 1224 1246 1286 410
1274 1225 1463 1310 (1162
1488 1230 1571 1293 U.
1599 1228 1707 1310 c.),
1742 1224 1957 1288 iisdem
1984 1225 2116 1287 sere
2145 1222 2554 1306 temporibus,
2580 1220 2806 1303 quibus
2826 1224 3023 1283 Auso-

809 1323 970 1396 niuS,
1006 1320 1379 1386 Prudentius
1409 1339 1473 1387 et
1501 1324 1882 1388 Claudianus
1921 1335 2138 1406 poetoe.
2171 1321 2399 1386 Consul
2429 1320 2547 1382 ruit
2580 1339 2721 1381 cum
2750 1316 3028 1382 Tatiano

807 1442 973 1484 anno
997 1424 1073 1489 U.
1107 1424 1296 1499 1142,
1331 1446 1393 1507 p.
1422 1426 1572 1490 Chr.
1607 1425 1754 1500 391,
1784 1438 1852 1486 ut
1875 1445 1951 1486 ex
1968 1424 2167 1485 Fastis
2186 1422 2453 1485 Relandi
2484 1421 2789 1483 videmuS.

889 1519 1290 1584 Cassiodorus
1340 1524 1407 1584 in
1447 1524 1726 1585 Historia
1771 1522 2094 1604 tripartita
2139 1519 2251 1582 lib.
2308 1519 2421 1590 tx,
2455 1517 2534 1580 23
2564 1538 2583 1578 t
2616 1518 3034 1603 Symmachus

805 1619 972 1680 inter
1019 1635 1339 1684 senatores
1384 1623 1734 1705 praecipuus
1773 1622 2147 1694 habebatur,
2190 1633 2449 1701 eratque
2486 1619 2758 1681 Romani
2796 1615 3029 1699 eloquii

807 1718 1157 1781 eruditione
1186 1716 1519 1793 mirabilis,
1547 1719 1721 1800 cujus
1738 1719 1926 1780 multi
1958 1737 2196 1799 quoque
2220 1716 2622 1797 reperiuntur
2652 1712 2821 1776 libri.

886 1817 1171 1881 Socrates
1201 1819 1361 1881 Hist.
1396 1821 1634 1883 Eccles.
1670 1839 1734 1892 V,
1785 1820 1853 1882 14
1884 1846 1900 1880 ε
1935 1835 2194 1905 Σύμμαχος
2220 1840 2406 1903 πρῶτος
2455 1831 2538 1901 μὲν
2571 1824 2628 1887 ἦν
2660 1834 2744 1888 τῆς
2784 1832 2831 1881 ἰν
2863 1829 3026 1898 Ῥώμῃ

803 1920 1074 1990 συγκλήτου
1101 1961 1114 1981 ,
1149 1921 1438 1990 ἐθαυμάζετο
1473 1919 1528 1972 δὲ
1557 1920 1636 1973 ἐπὶ
1662 1917 1917 1973 παιδεύσει
1939 1925 2097 1994 λόγων
2132 1920 2433 1990 Ῥωμαῖκῶψ
2457 1916 2541 1969 καὶ
2570 1916 2669 1989 γὰρ
2700 1918 2833 1988 αὐτῷ
2859 1914 3030 1967 πολλοὶ

803 2015 942 2086 λόγον,
977 2019 1403 2089 συγγεγραμμένον,
1429 2025 1490 2087 τῇ
1520 2018 1770 2090 Ῥωμαίων
1796 2020 1991 2090 γλώσσῃ
2020 2018 2327 2091 τυγχάνουσι.

888 2113 1272 2198 Nicephorus
1304 2115 1466 2179 Hist.
1497 2119 1737 2181 Eccles.
1771 2138 1883 2192 ΧΠ,
1921 2117 1990 2179 21
2033 2141 2047 2177 :
2083 2131 2345 2204 Σύμμαχος
2368 2135 2555 2199 πρῶτος
2580 2127 2644 2178 ὢν
2676 2133 2760 2185 τῆς
2788 2128 2835 2179 ὅν
2856 2123 3023 2194 Ῥώμῃ

802 2212 1071 2281 συγκλήτου
1096 2214 1267 2276 βουλῆς
1296 2211 1378 2264 διὰ
1410 2216 1651 2283 θαύματος
1679 2209 1736 2271 ἦν
1764 2217 1862 2274 τοῖς
1886 2221 2137 2286 προσοῦσιν
2168 2216 2301 2283 αὐτῷ
2337 2212 2567 2285 ἆγαθῦῖς,
2601 2210 2813 2281 μᾶλῑπα-
2843 2205 3019 2277 3⁹35?-

802 2296 926 2345 νεῖτο
954 2294 1034 2348 ἐπὶ
1060 2294 1313 2348 παιδεύσει
1349 2298 1508 2370 λόγων
1539 2298 1837 2368 Ῥωμαϊκῶν.
1871 2300 2079 2357 Πολλοὺς
2105 2297 2204 2370 γὰρ
2234 2296 2321 2350 καὶ
2346 2299 2475 2369 ἄγαν
2500 2295 2718 2366 ἀρίστους
2762 2296 2934 2364 λόγους
2960 2298 3021 2361 τῇ

801 2393 1013 2461 σφετέρᾳ
1036 2393 1231 2463 γλώσσῃ
1261 2389 1472 2453 semro.

686 2547 699 2565 .
887 2480 1167 2540 Maon-ob.
1199 2480 1458 2543 Saturn.
1488 2500 1550 2555 v,
1590 2483 1613 2541 l
1654 2503 1671 2542 t
1706 2481 1987 2564 Quatuor
2015 2495 2162 2544 sunt
2190 2500 2426 2561 genera
2456 2478 2709 2542 dicendi
2737 2500 2755 2540 ε
2801 2479 2990 2560 copio
3008 2511 3031 2525 ·

608 2542 742 2612 2⁶4
799 2593 959 2651 sum,
987 2577 1054 2637 in
1078 2597 1199 2658 quo
1227 2576 1457 2642 Cicero
1479 2580 1867 2652 dominatum
1892 2579 2107 2652 breve,
2140 2581 2208 2640 in
2240 2600 2359 2661 quo
2388 2573 2716 2641 Sallustium
2741 2587 2975 2657 regnat
3002 2597 3020 2648 ς

799 2670 1054 2747 siccum,
1090 2676 1250 2756 quod
1281 2675 1582 2737 Frontoni
1624 2674 2038 2750 adscribitur3
2083 2681 2315 2755 pingue
2345 2689 2404 2734 et
2417 2671 2766 2753 floridum,
2804 2677 2868 2731 1'11
2895 2692 3012 2756 qm>

798 2779 1033 2842 Plinius
1060 2780 1385 2845 Secundus
1406 2784 1740 2863 quondam,
1783 2795 1847 2844 et
1874 2803 2040 2846 nuuc
2060 2783 2233 2848 nullo
2257 2793 2542 2845 veterum
2571 2781 2780 2844 minor
2808 2792 3011 2840 noster

795 2876 1216 2959 Symmachus
1239 2883 1599 2942 luxuriatur.

877 2975 1230 3060 symmach.
1285 2981 1485 3061 Epist.
1528 2981 1578 3051 1,
1617 2978 1695 3040 44
1732 2979 1901 3063 (38):
1935 2978 2139 3044 Credo
2174 2979 2474 3046 indicium
2509 2965 2739 3044 'teeisae
2777 2974 2897 3039 tibi
2924 2977 3011 3038 fa·

798 3092 986 3146 mam,
1014 3078 1175 3154 qnod
1198 3089 1526 3158 parentem
1556 3095 1762 3137 meum
1785 3078 1921 3137 ruri
1950 3090 2135 3157 atque
2170 3076 2235 3137 in
2261 3093 2504 3137 secessu
2533 3071 2774 3135 amissoe
2807 3074 3020 3137 domus

798 3170 1091 3252 injuriam
1121 3174 1571 3253 decoquentem
1608 3173 2032 3254 frequentibus
2060 3173 2392 3252 suffragiis»,
2447 3172 2718 3253 denique
2746 3174 3014 3235 oratori·

793 3268 910 3333 bus
938 3273 1141 3335 missis
1164 3293 1326 3336 novo
1357 3274 1592 3340 honore
1609 3279 1859 3337 senatus
1884 3275 2206 3338 acciverit.
2229 3275 2365 3357 Qua
2388 3293 2577 3337 causa
2601 3273 2710 3334 ubi
2732 3274 3009 3357 primum

796 3372 1151 3436 facultatem
1199 3374 1489 3456 loquendi
1526 3376 1689 3456 apud
1719 3375 1989 3456 collegas
2017 3375 2228 3437 attulit
2255 3375 2407 3444 dies,
2451 3373 2581 3455 egit
2621 3372 2727 3435 ille
2770 3373 3014 3435 senatui

793 3472 1030 3550 gratias
1052 3491 1129 3534 ea
1146 3472 1450 3536 facundiae
1465 3471 1796 3552 gravitate,
1823 3493 1942 3554 qua
1972 3486 2154 3535 notus
2180 3485 2294 3536 est.
2319 3470 2609 3535 Calendoe
2632 3483 2786 3533 tunc
2805 3486 3009 3544 erant,

787 3570 1019 3652 ,quibus
1050 3592 1253 3635 annus
1280 3573 1581 3655 aperitur.
1605 3569 1797 3634 Brevi
1826 3571 2159 3637 intervallo
2185 3594 2323 3636 cum
2350 3572 2678 3636 familiaris
2705 3573 2831 3634 mei
2855 3575 3013 3657 Try-

793 3669 922 3748 geti
961 3665 1117 3746 filio,
1168 3670 1461 3753 praetorio
1505 3667 1861 3744 candidato,
1908 3670 2172 3732 actionis
2217 3690 2467 3756 operam
2516 3666 3008 3753 spopondissem,

795 3773 1070 3832 animum
1115 3773 1339 3856 religio
1369 3773 1686 3843 convenit,
1740 3785 1806 3832 ut
1847 3771 2177 3838 occasione
2209 3774 2501 3835 destinati
2549 3769 2742 3835 officii
2771 3772 3012 3835 obirem

808 3893 1027 3934 munus
1050 3873 1251 3934 adbuc
1295 3893 1451 3934 ame
1481 3871 1648 3955 patri
1668 3870 1970 3947 debitum,
2022 3875 2150 3948 sed,
2199 3885 2265 3934 ut
2305 3873 2460 3945 dixi,
2501 3873 2580 3936 ab
2621 3872 2730 3936 illo
2766 3874 3011 3935 senatui

787 3969 920 4051 jam
974 3973 1263 4035 solutum.
1328 3974 1497 4052 Ergo
1550 3974 1629 4033 ad
1680 3973 1961 4054 quintum
2008 3975 2153 4035 Idus
2205 3971 2493 4034 Januarii
2539 3972 2731 4035 verba
2787 3971 2911 4036 feci
2948 3973 3009 4033 iu

795 4071 1167 4154 amplissimo
1211 4068 1471 4145 ordine3
1517 4092 1650 4153 quoe
1705 4073 1812 4135 ubi
1852 4071 1918 4134 in
1967 4095 2185 4138 manus
2229 4086 2364 4134 tuas
2412 4074 2730 4144 venerint,
2787 4095 2861 4135 ex
2905 4087 3001 4135 tuo

797 4164 1006 4230 animo
1039 4170 1339 4254 conjicies
1360 4168 1594 4250 judicia
1621 4183 1996 4233 ceterorum.
2456 4167 2463 4176 ’
2770 4160 2781 4170 ”

870 4305 1250 4376 Trygcte'filio]
1291 4309 1637 4384 fragmentum
1667 4306 1832 4379 hujus
1863 4306 2118 4360 orationis
2144 4310 2282 4361 inter
2310 4327 2397 4359 eas
2425 4320 2614 4372 exstat,
2643 4325 2761 4378 qua:
2787 4308 2850 4360 ab
2873 4311 3001 4375 Aug.
