3367 5417
1861 424 1952 493 90

801 568 994 634 rebus
1030 562 1354 635 Romanis,
1407 560 1636 649 ³exigua
1688 562 1757 623 in
1810 559 2164 624 oratoribus
2209 557 2467 622 mentio.
2520 560 2647 622 Nec
2685 557 2792 621 diu
2836 563 2903 623 in
2953 566 3026 625 C.

800 668 971 731 Julto
996 665 1375 731 morabimur
1398 689 1415 739 3
1451 663 1650 746 cujus,
1674 675 1745 725 ut
1763 663 2035 737 illorum,
2070 681 2222 743 quos
2251 663 2430 723 modo
2458 662 2799 741 tetigimus,
2830 664 3028 728 vitam

802 790 1068 835 narrare
1113 754 1269 829 nihil
1297 756 1547 829 attinet.
1581 766 1645 828 Is
1682 784 1836 828 vero
1862 758 2115 845 ingenio
2143 783 2438 839 summus,
2492 761 2712 826 studiis
2739 765 3025 845 elegans,

802 880 1128 954 promptus
1156 864 1507 946 eloquendi,
1541 863 1813 926 maxime
1841 863 2212 926 metuendus
2241 857 2568 924 Ciceronis
2588 862 2840 924 aemulus
2866 863 3030 927 sutu-

800 989 909 1031 rus
936 977 1100 1038 erat,
1135 959 1260 1025 nisi
1288 961 1504 1042 gloriae
1525 975 1591 1024 et
1613 959 1863 1043 imperii
1884 960 2112 1043 cupido
2135 960 2307 1043 pacis
2332 978 2474 1021 eum
2502 956 2742 1020 artibus
2768 957 3032 1042 eripuis-

801 1080 921 1129 set.
966 1069 1206 1128 Praeter
1245 1060 1385 1124 illos
1424 1062 1521 1123 De
1546 1058 1693 1140 jure
1742 1054 2093 1141 pontificio,
2149 1071 2214 1120 et
2259 1059 2357 1119 De
2387 1053 2674 1137 analogia
2706 1057 2919 1130 libros,
2965 1072 3033 1122 et

804 1158 1218 1225 'Anticatones
1249 1169 1314 1220 et
1343 1156 1649 1240 Epistolas
1677 1166 1745 1217 et
1772 1154 1900 1217 Iter
1930 1153 2183 1236 (confer
2227 1153 2626 1215 Wernsdorl'.
2665 1155 2846 1216 Poet.
2883 1157 3030 1218 Lat-

803 1260 963 1323 min.
1005 1260 1085 1334 V,
1130 1278 1191 1339 p.
1226 1255 1303 1319 36
1362 1275 1535 1336 seqq.
1581 1247 1718 1344 [1v,
1754 1272 1817 1335 p.
1851 1250 1934 1312 44
1964 1254 2063 1314 ed.
2098 1245 2334 1341 Paris]
2357 1250 2466 1332 )et
2492 1250 2770 1316 notiores
2796 1253 3027 1315 Rerum

802 1378 1053 1422 suarum
1102 1348 1608 1427 commentarios»,
1653 1349 1991 1416 Orationes
2042 1350 2232 1412 etiam
2264 1351 2743 1413 commemorari
2784 1350 3028 1433 reperi·

803 1481 976 1533 mus;
1007 1469 1073 1519 et
1099 1456 1352 1536 quidem
1379 1451 1830 1515 Laudationem
1851 1447 2033 1512 Juliae
2060 1450 2292 1523 amitoe,
2323 1450 2655 1531 uxorisque
2681 1449 3025 1525 Corneliae,

801 1571 953 1640 quas
987 1564 1250 1637 quaestor
1276 1571 1392 1633 pro
1422 1548 1646 1613 rostris
1676 1548 1921 1623 habuit,
1948 1548 2111 1630 apud
2136 1547 2390 1610 Sueton.
2421 1546 2489 1608 in
2517 1546 2659 1609 Vita
2678 1568 2739 1611 c.
2769 1547 2888 1611 6...
2922 1542 3029 1637 [V.

799 1657 879 1717 fr.
927 1674 995 1738 p.
1045 1650 1167 1714 178
1207 1642 1378 1735 sqq]
1414 1647 1752 1712 Orationes
1796 1645 1988 1729 ipsius
2037 1649 2287 1707 nomine
2342 1656 2587 1707 tantum
2639 1658 2824 1708 tenus
2874 1660 3031 1709 notae

803 1768 990 1828 sunt3
1024 1771 1352 1815 causarum
1388 1768 1586 1829 genus
1614 1748 1967 1828 ignoratur.
2002 1746 2326 1809 Nescimus
2364 1746 2577 1822 etiam,
2610 1765 2744 1827 quoe
2771 1745 3034 1810 caesaris

804 1854 1008 1918 oratio
1037 1853 1121 1911 M.
1158 1846 1420 1913 Aurelio
1439 1849 1509 1908 in
1533 1846 1830 1927 Epistolis
1857 1847 1935 1908 ad
1968 1846 2344 1908 Frontonem
2377 1848 2433 1921 1,
2472 1848 2533 1917 9,
2559 1847 2831 1909 studiose
2868 1848 3031 1911 lecta
3070 1852 3087 1870 ⁰

804 1955 1071 2016 dicatur.
1108 1951 1374 2013 Secutus
1419 1960 1518 2010 est
1566 1959 1774 2007 autem
1816 1946 1891 2009 C.
1940 1937 2205 2009 Caesaris
2254 1946 2585 2010 Strabonis
2635 1950 2886 2027 cognati
2936 1948 3033 2010 sui

802 2070 1019 2131 genuS,
1049 2060 1299 2110 acutum
1326 2057 1391 2106 et
1413 2056 1762 2118 venustum,
1789 2042 1898 2105 sed
1928 2061 2054 2105 non
2074 2044 2227 2104 satis
2254 2045 2610 2108 vehemens.
2642 2045 2792 2106 Eam
2812 2055 3029 2108 tamen

801 2150 1004 2231 ipsam
1024 2144 1272 2208 laudem
1301 2140 1530 2203 tribuit
1555 2137 1988 2222 Quintilianus
2016 2141 2096 2212 X,
2136 2140 2202 2217 2,
2238 2140 2344 2216 25,
2380 2142 2526 2205 coll.
2570 2142 2631 2218 1,
2679 2141 2822 2204 114.
2850 2144 3029 2206 Adde

802 2247 1130 2309 Plutarch.
1167 2242 1235 2305 in
1275 2241 1430 2303 Vita
1460 2260 1520 2302 c.
1555 2240 1618 2301 3.
1656 2238 2120 2303 Facundissime
2147 2240 2389 2304 locutus
2430 2243 2739 2306 Frontoni
2766 2243 3023 2319 dicitur,

806 2344 887 2405 ad
914 2346 997 2405 M.
1042 2340 1349 2404 Caesarem
1399 2337 1496 2399 De
1535 2332 1893 2417 eloquentia
1922 2355 1987 2419 p.
2015 2337 2095 2400 83
2130 2333 2233 2422 (et
2261 2339 2341 2400 ad
2371 2338 2602 2403 Verum
2641 2359 2707 2422 p.
2754 2339 2864 2402 181
2924 2342 3022 2403 ed.

805 2442 1049 2516 Rom.).
1100 2433 1475 2507 Puritatem,
1512 2449 1698 2514 quam
1728 2430 2065 2510 adamavit,
2106 2435 2435 2513 sermonis,
2478 2433 2672 2519 ipsius
2697 2436 3028 2505 Commen-

801 2541 956 2604 tarii
980 2539 1336 2603 ostendunt.
1375 2536 1474 2597 De
1508 2534 1735 2624 quibus
1763 2530 1902 2616 quis
1928 2555 2057 2596 non
2078 2533 2402 2598 Ciceronis
2433 2532 2537 2619 (in
2561 2539 2758 2599 Bruto
2812 2558 2873 2600 c.
2912 2539 3026 2615 72)

807 2636 1006 2709 malit,
1032 2650 1218 2720 quam
1237 2633 1439 2700 Asinii
1458 2632 1758 2698 Pollionis
1774 2633 1949 2715 sequi
1959 2628 2292 2716 judicium,
2324 2633 2599 2697 omnium
2621 2646 2848 2717 praeter
2888 2655 3028 2700 sese

805 2734 1248 2798 obtrectatoris
1260 2731 1292 2793 ’τ’
1308 2732 1610 2797 Videatur
1638 2729 1828 2795 etiam
1855 2729 1987 2812 ejus
2006 2733 2084 2793 de
2103 2729 2475 2814 antiquariis
2491 2732 2723 2796 dictum
2742 2753 2824 2796 ex
2842 2733 3030 2797 libris

803 2831 901 2896 De
930 2830 1219 2912 analogia
1247 2831 1410 2913 apud
1428 2833 1507 2893 A.
1532 2829 1700 2895 Gell.
1733 2830 1786 2904 1,
1825 2828 1927 2906 10,
1971 2840 2037 2892 et
2054 2830 2338 2894 Macrob.
2373 2830 2426 2906 1,
2454 2831 2490 2893 5
2531 2827 2675 2894 init.
2695 2878 2714 2907 ‚
2742 2843 2809 2895 et
2836 2832 3032 2898 Gellii

803 2930 1000 3012 ipsius
1027 2925 1449 2991 testimonium
1475 2927 1645 3002 XIX,
1681 2923 1745 2987 8.

896 3028 972 3091 67
987 3072 1003 3087 .
1037 3026 1136 3086 M.
1160 3025 1377 3087 ,Ιαὴίιις
1387 3026 1609 3084 Bnaus
1629 3035 1814 3085 natus
1827 3033 1922 3084 est
1938 3042 1998 3084 a.
2020 3023 2169 3098 668,
2195 3020 2422 3102 viginti
2440 3027 2862 3090 novemannis
2872 3030 3028 3092 Hor·

805 3123 1011 3186 tensio
1040 3122 1269 3197 minor,
1310 3119 1540 3201 viginti
1574 3139 1701 3180 uno
1731 3115 1993 3180 inferior
2026 3115 2359 3183 Cicerone.
2390 3119 2487 3182 De
2514 3119 2634 3183 hoc
2664 3122 3029 3203 singillatim

811 3227 969 3287 dixit
998 3224 1349 3286 Wetzelius
1365 3223 1434 3285 in
1457 3219 1824 3307 praefatione
1846 3220 1926 3283 ad
1952 3221 2112 3304 Epp.
2144 3223 2223 3283 ad
2245 3219 2417 3284 divv.
2444 3222 2534 3285 XI
2552 3242 2675 3285 suoe
2696 3224 3024 3303 editionis3

809 3345 923 3388 nos
942 3324 1139 3387 vitam
1164 3320 1298 3402 ejus
1307 3341 1435 3383 non
1458 3317 1918 3394 enarrabimus,
1945 3320 2206 3381 otiosum
2221 3320 2664 3399 existimantes,
2692 3342 2911 3388 omnes
2932 3326 3028 3389 hi-

809 3427 1024 3490 storiae
1065 3426 1360 3487 Romanae
1392 3433 1683 3483 auctores
1722 3419 2107 3483 exscribere.
2156 3421 2253 3483 De
2280 3422 2522 3503 origine
2561 3422 2696 3508 ejus
2729 3427 3032 3490 addamus

809 3541 1083 3600 tantum,
1117 3527 1366 3608 ineptos
1397 3522 1603 3585 videri
1630 3541 1761 3599 eos,
1792 3520 1900 3604 qui
1928 3518 2125 3584 fllium
2150 3518 2414 3586 Caesaris
2441 3546 2517 3587 ex
2542 3524 2833 3588 Serviliae
2851 3530 3028 3591 clan-

808 3621 1053 3685 destino
1066 3640 1279 3685 amore
1291 3630 1502 3682 natum
1525 3614 1910 3682 existiment.
1927 3618 2082 3680 Nam
2095 3618 2301 3682 Coesar
2313 3618 2389 3682 C.
2412 3614 2632 3694 Mario,
2652 3624 3032 3705 M.Aquillio

809 3722 986 3782 Coss.
1012 3735 1193 3784 natus
1212 3718 1300 3805 (a.
1325 3718 1500 3805 652),
1525 3732 1911 3802 eotempore,
1931 3738 2051 3799 qno
2063 3730 2246 3782 natus
2266 3732 2360 3782 est
2379 3721 2462 3782 M.
2488 3722 2734 3796 Brutus,
2754 3720 3031 3787 sedecim

810 3841 1120 3884 annorum
1143 3821 1283 3885 fuit.
1305 3824 1533 3885 Brutus
1551 3821 1802 3904 optimis
1823 3817 2046 3882 studiis
2061 3819 2411 3885 liberaliter
2430 3824 2728 3897 eruditus,
2762 3842 2801 3885 a
2831 3843 3028 3907 puero

812 3943 1057 3986 morum
1070 3924 1394 3986 honestate
1415 3943 1541 3985 non
1558 3922 1764 3985 minus
1778 3920 2290 3985 commendabilis
2306 3923 2443 4001 suit,
2469 3945 2653 4007 quam
2663 3925 2841 3987 cultu
2857 3923 3031 4007 inge·

810 4023 906 4086 nii
928 4037 992 4089 et
1013 4024 1440 4107 magnitudipe
1461 4019 1680 4089 animi.
1703 4019 1813 4085 Sui
1832 4039 1982 4081 usus
2003 4040 2187 4083 causa
2200 4021 2269 4085 in
2284 4020 2594 4104 epitomen
2611 4023 2859 4106 redegit
2872 4027 3028 4088 Fan·

810 4123 904 4184 nii
924 4122 1201 4184 Annales
1221 4134 1287 4183 et
1311 4117 1519 4183 Coelii.
1543 4118 1864 4201 Antipatri
1888 4114 2216 4182 historiam
2247 4117 2407 4203 (Cic.
2430 4123 2589 4205 Epp.
2621 4125 2701 4186 ad
2722 4127 2857 4187 Att.
2882 4122 3020 4199 XII,

814 4223 875 4293 5,
910 4234 975 4283 et
994 4222 1176 4297 xm,
1207 4222 1280 4307 8)
1302 4248 1318 4295 ς
1353 4221 1504 4303 quin
1525 4219 1632 4283 vix
1663 4232 1955 4304 superato
1982 4234 2262 4286 extremo
2286 4222 2649 4290 discrimine
2676 4225 3026 4310 Polybiana
