3367 5417
1490 416 1623 488 165

450 558 685 621 Catone
712 554 970 638 majore,
1006 554 1110 638 qui
1137 556 1275 639 plus
1304 552 1711 639 quinquagies
1739 550 2021 624 affertur,
2052 548 2434 630 distinguere
2466 560 2633 633 pote·
2681 561 2698 579 ·

449 652 935 736 rantmterque
963 651 1235 738 scriptor
1258 654 1455 740 probe
1494 650 1747 717 nomine
1775 648 2247 731 distinguendus
2281 660 2440 709 erat.
2469 649 2636 731 Qua-

445 763 702 834 propter
729 750 801 815 in
819 773 895 815 ea
921 772 1056 815 sum
1074 754 1405 830 sententia,
1438 765 1507 815 ut
1526 750 1718 816 etiam
1745 752 1814 814 in
1840 751 1939 813 his
1966 748 2122 813 locis
2148 745 2447 810 Catonem
2495 767 2636 813 cen·

446 848 677 910 sorium
699 846 1166 930 intelligendum
1194 862 1426 934 putem,
1480 870 1607 913 non
1634 850 1964 921 minorem,
2007 858 2191 928 atque
2216 857 2287 907 ut
2312 843 2636 926 inscriptio

446 947 551 1011 De
573 968 641 1009 re
657 949 875 1009 Floria
880 993 899 1025 ,
919 970 1052 1033 quoe
1071 963 1354 1015 contorte
1375 963 1615 1015 tantum
1636 950 1717 1013 ad
1732 949 1908 1013 ludos
1925 947 2203 1012 Florales
2221 943 2634 1020 referebatur,

446 1048 627 1112 aliter
652 1047 904 1114 omnino
932 1049 1017 1115 sit
1054 1053 1448 1137 explicanda.
1484 1053 1802 1115 Praeterea
1844 1048 2001 1113 Cato
2037 1047 2255 1132 junior
2296 1043 2458 1110 nihil
2484 1044 2639 1108 scri·
2690 1067 2774 1139 61

445 1157 618 1230 ptum
656 1144 932 1230 reliquit,
964 1170 1090 1215 una
1115 1149 1403 1216 oratione
1428 1162 1710 1234 excepta,
1740 1167 1876 1231 quoe
1902 1145 2103 1212 invito
2132 1167 2209 1211 eo
2234 1145 2510 1229 a2pueris
2534 1164 2639 1207 ex·

445 1244 828 1330 cipiebatur2
861 1265 933 1314 ut
966 1252 1333 1317 Plutarchus
1359 1253 1619 1317 tradidit
1653 1249 1726 1315 in
1772 1252 1921 1314 Vita
1961 1247 2099 1331 ejus
2144 1270 2209 1314 c.
2255 1249 2360 1312 23.
2403 1248 2481 1309 ln
2523 1249 2641 1310 hac

447 1357 649 1407 autem
693 1366 765 1409 re
804 1348 1072 1412 maxime
1117 1361 1549 1431 argumentum
1602 1349 1907 1413 orationis
1954 1345 2321 1410 Catonianae
2366 1342 2641 1406 illustrat

444 1443 615 1506 locus
631 1443 984 1533 Rhetoricte
1000 1447 1178 1510 Curii
1200 1445 1631 1513 Fortunatiani
1641 1447 1756 1511 lib.
1779 1447 1871 1520 11,
1894 1466 1959 1529 Ρ.
1982 1446 2055 1510 81
2085 1445 2185 1507 ed.
2205 1441 2637 1530 Capperonn.=

449 1567 480 1597 ι
514 1537 782 1604 Concisa
822 1544 1233 1632 (narratione)
1275 1557 1428 1607 tunc
1467 1556 1711 1607 tantum
1753 1555 2021 1617 utemur,
2073 1540 2322 1623 quando
2367 1540 2643 1621 quaedam

449 1643 709 1705 adversa
733 1655 880 1706 sunt
904 1642 1130 1723 nobis3
1161 1647 1289 1707 imo
1313 1658 1379 1708 et
1406 1664 1547 1708 cum
1571 1643 1827 1724 singulm
1846 1662 1950 1707 res
1972 1653 2162 1727 gestoe
2185 1641 2518 1704 maximam
2543 1637 2643 1702 iu-

447 1741 678 1805 vidiam
720 1739 1071 1822 continent,
1096 1741 1596 1809 adversariorum
1621 1762 1942 1827 possumus
1981 1743 2409 1805 narrationem
2432 1737 2641 1803 conei-

446 1839 619 1913 dere,
648 1852 718 1901 ut
733 1839 1085 1922 praepositis
1108 1841 1367 1920 singulis
1398 1841 1587 1904 rebus
1612 1842 1825 1904 statim
1851 1837 2326 1920 exaggeratione
2369 1848 2643 1900 utamur.

446 1933 575 1998 Cur
610 1934 742 1999 ita?
778 1947 849 1997 ut
893 1932 1383 2015 indignationem
1424 1934 1708 2020 judicum
1747 1954 1875 2000 non
1920 1936 2132 2008 semel,
2182 1936 2290 1997 sed
2316 1932 2538 2015 soepius
2574 1932 2644 1994 in

445 2034 634 2098 rebus
659 2034 920 2115 siugulis
944 2032 1310 2114 excitemus,
1335 2038 1522 2101 sicuti
1558 2034 1714 2101 lecit
1748 2038 1845 2102 Μ.
1884 2036 2033 2096 Cato
2057 2036 2139 2096 de
2168 2054 2239 2095 re
2261 2034 2631 2107 Floriana.»

441 2158 534 2196 -.
559 2134 739 2216 Apud
754 2129 1023 2195 Nonium
1050 2153 1294 2215 quoque
1319 2135 1398 2194 dc
1423 2153 1494 2194 re
1517 2133 1821 2195 Floriana
1844 2131 2100 2212 legitur,
2126 2151 2254 2194 non
2279 2143 2352 2192 ut
2386 2128 2543 2190 alias
2566 2127 2645 2187 dc

449 2250 517 2290 re
537 2229 773 2290 Floria.
802 2231 898 2294 Ex
919 2227 1097 2294 Curii
1136 2242 1342 2295 autem
1383 2230 1523 2294 loco
1545 2226 1943 2311 intelligitur,
1976 2226 2279 2292 Catonem
2299 2226 2371 2288 in
2399 2225 2645 2290 actione

448 2326 682 2392 sorensi
729 2329 806 2391 de
841 2348 915 2392 re
947 2329 1239 2393 Floriana
1282 2330 1510 2394 dixisse
1523 2377 1542 2407 ,
1584 2329 1653 2392 iu
1695 2348 1817 2412 qua
1843 2327 2171 2393 Florianus
2217 2322 2352 2389 sive
2394 2322 2644 2389 Florius

450 2426 584 2489 sive
608 2426 829 2491 Florus
876 2423 1126 2508 quidem
1171 2439 1280 2490 aut
1321 2427 1735 2491 accusabatur
1778 2438 1885 2490 aut
1929 2423 2398 2490 defendebatur.
2426 2424 2643 2504 Neque

450 2528 618 2591 enim
639 2523 903 2609 amplius
920 2522 1183 2589 definire
1202 2544 1550 2609 possumus,
1566 2539 1777 2589 utrum
1794 2524 1951 2590 Cato
1961 2544 2103 2588 eum
2122 2521 2535 2595 accusaverit,
2559 2541 2644 2585 an

449 2624 821 2699 defenderit,
844 2640 1054 2689 utrum
1089 2626 1409 2690 Florianus
1434 2624 1544 2691 alii
1571 2628 1702 2690 vim
1721 2625 2024 2700 attulerit,
2059 2643 2143 2688 an
2177 2619 2298 2704 ipsi
2331 2619 2431 2684 vis
2456 2621 2646 2684 allata

452 2723 662 2787 suerit.
692 2753 782 2768 —·
807 2722 1138 2799 Weberus‚
1169 2735 1446 2786 veterem
1472 2721 1830 2807 opinionem
1859 2732 2145 2792 secutus.
2190 2738 2254 2801 Ρ.
2291 2713 2419 2781 33
2399 2736 2472 2779 in
2497 2735 2647 2782 cen·

450 2840 598 2884 sura
621 2820 922 2886 Catonem
949 2817 1180 2884 dixisse
1215 2831 1391 2904 putat
1410 2823 1488 2884 de
1515 2840 1589 2884 re
1609 2819 1825 2936 Floria
1845 2818 1950 2884 vel
1978 2818 2057 2881 de
2080 2813 2340 2881 lascivia
2357 2814 2644 2878 ludorum

451 2918 784 2984 Floralium
803 2919 1172 2982 coercenda.

534 3017 775 3083 Gellius
804 3015 1083 3094 1x‚12·
1115 3017 1292 3100 Apud
1312 3016 1396 3079 M.
1428 3014 1731 3080 Catonem
1758 3015 1835 3077 de
1860 3032 1934 3076 re
1955 3011 2166 3076 Floria
2189 3011 2283 3074 ita
2308 3011 2643 3093 scriptum:

450 3116 581 3181 Sed
619 3123 749 3180 nisi
769 3123 874 3205 qui
906 3117 1126 3199 palam
1161 3138 1420 3197 corpore
1440 3120 1769 3198 pecuniam
1815 3127 2160 3201 qureret-ce,
2205 3127 2310 3173 aut
2344 3131 2413 3172 se
2440 3110 2648 3169 lenoni

449 3219 765 3282 locavc‘ssee
778 3244 800 3280 .-
822 3224 942 3281 etsi
970 3221 1251 3296 famosus·
1276 3233 1336 3279 et
1355 3222 1717 3299 suspiciosus
1718 3217 1979 3298 fuisset,
2003 3219 2141 3277 vim
2164 3219 2231 3276 in
2255 3231 2479 3293 corpus
2497 3209 2645 3271 ube-

452 3340 590 3379 rum
609 3341 730 3381 non
749 3342 991 3406 cequum
1007 3340 1306 3383 censuere
1325 3321 1578 3403 affirn'.

504 3511 777 3578 fmosus]
814 3510 908 3581 qui
932 3509 1069 3562 mala
1088 3510 1228 3564 fama
1252 3511 1462 3582 flagrat.

522 3646 865 3719 nupisebnu]
901 3646 1233 3719 susptkt‘osum
1278 3648 1411 3702 Cato
1444 3648 1546 3700 hoc
1582 3647 1641 3699 in
1675 3647 1795 3701 loco
1836 3659 2143 3719 suspectum
2188 3640 2456 3717 signiam
2474 3680 2491 3706 ,
2533 3658 2645 3693 non

592 3730 967 3803 suspicantem.
995 3729 1134 3784 Geel.
1165 3730 1205 3783 l.
1235 3749 1283 3784 c.

536 3905 775 3972 Nonius
812 3927 877 3992 p.
914 3904 1061 3983 168,
1093 3907 1211 3973 28.
1252 3907 1660 3988 Suspiciosus,
1714 3904 1821 3990 qui
1857 3904 1925 3969 in
1973 3905 2322 3990 suspicione
2347 3901 2454 3968 tit.
2495 3902 2649 3967 Cato

451 4008 530 4069 de
555 4026 627 4069 re
667 4003 1012 4070 Floriana.
1043 4008 1166 4072 Sed
1195 4008 1360 4091 siqui
1401 4005 1618 4085 palam
1653 4026 1909 4085 corpore
1929 4024 2257 4085 pccmuam
2304 4012 2645 4089 qua-reme,

453 4118 554 4163 aut
579 4124 649 4164 se
667 4105 869 4165 lenoni
892 4103 1228 4174 locavisset,
1247 4117 1309 4163 et
1329 4122 1385 4162 st
1374 4105 1689 4183 'famosus
1712 4118 1773 4163 ct
1799 4104 2169 4182 suspiciosus
2193 4115 2388 4171 esset,
2415 4102 2550 4160 m‘m
2585 4102 2652 4156 in

455 4222 674 4279 corpus
717 4200 972 4262 liberum
1015 4220 1132 4261 non
1176 4220 1411 4285 cequum
1461 4220 1744 4261 censuere
1782 4200 2020 4274 adfert
1985 4221 2013 4258 ἰ
2027 4245 2039 4260 .
2075 4230 2159 4243 —-
2194 4194 2314 4261 Hic
2356 4198 2528 4261 locus
2572 4214 2648 4257 ex
