3367 5417
1385 454 1475 526 29

353 604 563 671 specta
593 590 879 655 Africani
914 607 1113 657 morte
1142 593 1389 657 leniret.
1433 596 1591 655 Nam
1613 611 1723 654 suo
1757 608 1930 651 more
1951 591 2029 652 ad
2064 588 2258 650 bonos
2287 585 2539 649 rediisse

348 686 702 752 Carbonem
736 688 958 751 Cicero
986 689 1167 752 dixit.
1202 694 1274 752 L.
1306 710 1457 753 sane
1483 688 1796 772 Opimium
1833 709 1870 748 a
1908 688 1978 749 P.
2010 684 2203 748 Decio
2229 684 2379 748 trib.
2418 685 2504 766 pl.
2515 730 2534 761 ‚

351 789 513 868 quod
553 788 944 852 indemnatos
983 792 1329 867 occidisset,
1383 789 1721 871 majestatis
1740 789 2112 872 postulatum
2142 787 2447 859 defendit,
2477 799 2541 846 et

352 897 422 946 ut
460 886 887 950 absolveretur
914 888 1127 950 evicit.
1170 890 1295 952 Sed
1334 902 1403 950 ut
1431 889 1532 950 hic
1572 888 1696 950 alia
1728 888 1796 948 in
1835 906 2020 950 cansa
2048 885 2303 946 meritas
2328 902 2542 965 poenas

351 984 543 1062 dedit,
580 986 671 1047 ita
705 987 1046 1051 Carbonem
1070 1008 1151 1050 ne
1175 989 1439 1058 defectio
1468 989 1712 1069 quidem
1740 1007 1778 1048 a
1805 985 2089 1069 populari
2125 986 2373 1047 ratione
2411 1002 2537 1044 ser-

350 1106 502 1149 vare
522 1090 743 1169 potuit.
773 1088 1017 1172 Quippe
1044 1091 1293 1154 vixdum
1319 1091 1679 1170 magistratu
1719 1089 1983 1160 abierat,
2010 1109 2148 1151 cum
2171 1107 2209 1148 a
2226 1088 2296 1149 L.
2317 1083 2543 1149 Crasso'

352 1186 738 1256 adolescente
762 1203 1084 1253 accusatus
1123 1203 1242 1265 est,
1273 1205 1338 1254 et
1367 1204 1601 1256 certam
1628 1189 2087 1253 damnationem
2137 1188 2354 1250 videns
2395 1205 2538 1247 can·

351 1281 627 1346 tharidas
649 1287 928 1369 sumpsit.
954 1287 1094 1348 Non
1116 1286 1526 1368 improbabile
1570 1300 1663 1351 est
1680 1333 1697 1358 ,
1732 1285 2138 1350 Gracchanos
2174 1284 2414 1366 judices
2448 1281 2540 1342 sic

351 1383 680 1464 punivisse,
712 1389 873 1468 qnod
909 1406 1084 1450 suam
1121 1407 1369 1450 causam
1399 1407 1600 1470 nuper
1629 1385 2021 1449 deseruisset.
2056 1390 2141 1451 Vs
2172 1385 2305 1447 Cic.
2347 1385 2534 1461 Legg.

348 1478 465 1552 111,
504 1480 621 1555 19,
666 1483 825 1563 Epp.
858 1484 938 1544 ad
970 1483 1138 1544 divv.
1165 1484 1280 1557 lx,
1338 1483 1445 1558 21,
1485 1486 1664 1545 Brut.
1707 1502 1767 1543 c.
1813 1483 1918 1543 27.
1961 1482 2231 1543 Dissidet
2256 1478 2542 1542 Valerius

348 1578 654 1643 Maximus
684 1583 796 1657 111,
832 1584 891 1656 7,
941 1584 1004 1656 6,
1037 1583 1107 1643 in
1146 1583 1430 1644 exsilium
1476 1582 1703 1644 abiisse
1748 1600 2037 1643 narrans.
2086 1582 2207 1645 Sed
2236 1581 2544 1643 manifesti

351 1675 588 1737 erroris
615 1676 877 1738 aliorum
910 1678 1159 1739 testium
1185 1696 1488 1739 consensu
1514 1678 1874 1755 coarguitur
1894 1722 1916 1749 ,
1964 1678 2070 1756 qui
2115 1689 2376 1738 mortem
2410 1693 2560 1737 cer·¹

353 1782 480 1830 tam
522 1773 937 1845 ostendentes,
967 1773 1045 1836 de
1071 1772 1288 1835 mortis
1314 1791 1544 1853 genere
1577 1773 1922 1857 ambigunt,
1973 1771 2136 1852 quod
2175 1772 2545 1852 necopinato

354 1875 421 1926 et
447 1864 740 1930 celeriter
766 1870 1108 1931 exstinctus
1137 1881 1255 1931 est.

438 1966 544 2027 22.
589 1967 665 2029 In
700 1969 819 2030 hoc
864 1969 1004 2030 viro
1037 1988 1252 2030 rursus
1278 1969 1551 2036 dolorem
1593 1967 1983 2042 confitemur,
2014 1969 2176 2049 quod
2221 1968 2327 2029 vix
2353 1967 2543 2028 ullum

349 2077 458 2125 aut
494 2066 913 2128 testimonium
954 2079 1063 2128 aut
1090 2069 1526 2130 documentum
1554 2067 1720 2128 aliud
1748 2068 1826 2130 de
1853 2067 2136 2129 laudibus
2163 2065 2297 2149 ejus
2338 2077 2543 2128 orato·

348 2164 465 2226 riis
485 2177 704 2227 exstet.
746 2165 854 2253 [V.
884 2166 964 2228 fr.
1001 2187 1066 2248 p.
1115 2166 1235 2227 110
1262 2163 1430 2254 sqq.]
1479 2166 1739 2245 Ingenio
1783 2179 1990 2229 autem
2029 2167 2320 2244 mag‘num
2358 2166 2544 2228 fuisse

349 2283 426 2325 ex
451 2266 644 2327 Bruto
676 2265 1087 2329 Ciceroniano
1123 2286 1182 2328 c.
1233 2266 1312 2327 27
1357 2266 1506 2327 licet
1529 2265 1848 2345 colligere.
1883 2268 2041 2329 Nam
2086 2285 2228 2327 cum
2261 2268 2543 2329 Porcinoe

350 2361 595 2424 auditor
614 2361 825 2425 suisset
850 2361 973 2446 (ib.
1006 2383 1066 2425 c.
1092 2363 1174 2427 25
1192 2364 1242 2446 ),
1272 2364 1465 2425 multa
1482 2365 1930 2429 exercitatione
1959 2363 2380 2439 confirmatus,
2411 2377 2541 2425 tum

348 2459 743 2522 vehementia
772 2459 1037 2522 aetionis
1071 2472 1140 2523 et
1180 2478 1416 2522 canora
1451 2474 1518 2522 et
1564 2460 1908 2542 profluente
1944 2461 2277 2524 verborum
2304 2459 2544 2523 volubi-

347 2554 527 2617 litate
552 2555 693 2630 (De
716 2569 879 2619 orat.
907 2559 961 2632 1,
993 2559 1025 2619 7
1055 2558 1103 2643 )‚
1130 2569 1263 2619 tum
1296 2558 1753 2620 commovendis
1776 2558 2181 2640 sedandisque
2205 2556 2396 2619 animi
2420 2577 2543 2620 mo-

350 2652 518 2716 tibus
558 2655 939 2718 admirabilis
973 2655 1192 2718 evasit.

434 2752 554 2816 Sed
580 2753 781 2815 literis
798 2767 864 2816 et
880 2753 1085 2835 patrio
1109 2754 1298 2815 etiam
1325 2772 1499 2816 more
1526 2767 1591 2816 et
1606 2752 1749 2835 jure
1778 2773 1994 2837 parum
2044 2753 2345 2816 imbutum
2365 2752 2546 2815 fuisse

249 2845 253 2850 ’
354 2863 597 2914 certum
647 2864 741 2915 est
781 2851 956 2934 (Cic.
1001 2854 1096 2915 De
1138 2867 1300 2916 orat.
1334 2854 1390 2925 Ι,
1445 2853 1546 2925 10,
1586 2853 1729 2936 40).
1779 2854 1960 2936 Quod
2008 2855 2084 2916 de
2123 2855 2207 2919 C.
2257 2853 2547 2917 Carbone

354 2951 543 3013 etiam
589 2953 658 3014 in
688 2952 1092 3015 tabernaculo
1119 2953 1479 3034 quotidiana
1528 2953 1868 3034 scriptione
1894 2966 2194 3037 occupato
2218 2954 2545 3037 Quintilia-

352 3068 470 3111 nus
497 3049 679 3113 affert
719 3052 800 3125 X,
854 3052 918 3124 7,
965 3051 1069 3125 27,
1115 3063 1329 3114 nostro
1361 3050 1595 3133 injuria
1639 3051 1834 3113 tribui
1889 3064 2061 3114 recte
2108 3050 2546 3113 animadvertit

349 3146 774 3231 Spaldingius3
811 3170 955 3213 nam
997 3152 1163 3214 huuc
1198 3150 1438 3214 bellicis
1460 3152 1648 3214 rebus
1674 3170 1925 3213 vacasse
1966 3171 2261 3233 nusquam
2291 3148 2542 3228 legitur.

366 3241 804 3333 [Nihilominus
847 3247 1266 3331 probabiliter
1294 3250 1372 3313 de
1406 3262 1621 3312 nostro
1647 3248 1916 3328 intelligi
1950 3248 2154 3313 locum
2177 3247 2548 3331 Quintiliani
2633 3311 2640 3316 ,

352 3346 608 3427 exponit
647 3348 981 3409 Westerm.
1025 3368 1090 3429 p.
1128 3346 1213 3411 88
1266 3343 1393 3434 sq]
1430 3347 1552 3410 Sed
1590 3345 1808 3410 Caium
1851 3366 1966 3429 pro
2016 3345 2201 3409 Cnoeo
2259 3343 2547 3407 Carbone

356 3450 457 3502 ter
484 3440 627 3502 Cos.
678 3441 1009 3506 aberrante
1054 3439 1355 3506 memoria
1414 3440 1871 3525 Quintilianum
1922 3443 2147 3504 dixisse
2190 3461 2316 3504 non
2354 3440 2550 3520 magis

352 3536 680 3621 probabile
727 3550 855 3616 est3
897 3559 1042 3602 nam
1082 3541 1250 3601 hunc
1284 3559 1499 3602 rursus
1540 3541 1903 3622 eloquentiae
1938 3535 2238 3602 studuisse
2278 3558 2405 3601 non
2457 3551 2550 3601 est

353 3634 671 3699 traditum.
735 3635 1129 3716 Relinquitur
1174 3633 1369 3715 igitur
1406 3649 1475 3726 ut
1511 3639 1580 3699 C.
1634 3640 1878 3719 quidem
1922 3638 2274 3703 Carbonem
2324 3638 2548 3718 cogita-

352 3737 515 3799 verit
551 3735 998 3820 Quintilianus,
1048 3738 1156 3799 sed
1204 3757 1413 3799 rerum
1451 3741 1851 3802 castrensium
1907 3739 2547 3804 commemorationem

353 3833 476 3899 Cn.
505 3836 805 3900 Carbonis
832 3836 1103 3916 imagine
1145 3836 1516 3902 obversante
1551 3838 1804 3903 fortuito
1844 3838 2268 3903 admiscuerit.
2309 3844 2550 3903 Auctor

356 3932 603 4012 Dialogi
627 3936 725 3997 De
764 3946 953 3997 oratt.
985 3955 1044 3997 c.
1100 3932 1199 4007 18,
1234 3932 1326 3996 nil
1362 3934 1484 3998 nisi
1523 3955 1750 3999 nomen
1776 3935 1913 4016 ejus
1937 3936 2105 4000 inter
2132 3950 2374 4000 veteres
2413 3955 2547 3998 ora·

352 4044 527 4095 tores
550 4047 856 4096 recenset.

440 4133 545 4197 23.
590 4134 676 4195 At
694 4153 873 4197 nemo
892 4135 1011 4198 hac
1028 4148 1210 4198 {etate
1237 4136 1589 4199 uberiorem
1615 4134 1733 4196 sibi
1755 4134 2020 4214 gloriam
2045 4139 2327 4220 quaesivit
2366 4158 2544 4219 quam

357 4230 481 4294 duo
521 4230 788 4293 Gracchi
795 4279 814 4307 ,
846 4232 911 4296 in
944 4234 1167 4315 quibus
1200 4245 1406 4296 tamen
1434 4232 1582 4294 illud
1627 4251 1838 4295 rursus
1867 4236 2101 4311 evenit,
2139 4248 2208 4298 ut
2238 4234 2432 4317 major
2462 4236 2544 4297 al·
