<?xml version="1.0" encoding="UTF-8"?>
<!DOCTYPE html PUBLIC "-//W3C//DTD XHTML 1.0 Transitional//EN"
    "http://www.w3.org/TR/xhtml1/DTD/xhtml1-transitional.dtd">
<html xmlns="http://www.w3.org/1999/xhtml" xml:lang="en" lang="en">
 <head>
  <title>
</title>
<meta http-equiv="Content-Type" content="text/html;charset=utf-8" />
  <meta name='ocr-system' content='tesseract 3.04.00' />
  <meta name='ocr-capabilities' content='ocr_page ocr_carea ocr_par ocr_line ocrx_word'/>
</head>
<body>
  <div class='ocr_page' id='page_1' title='image "./oratorumromanor00ellegoog/oratorumromanor00ellegoog_0151.png"; bbox 0 0 3367 5417; ppageno 0'>
   <div class='ocr_carea' id='block_1_1' title="bbox 372 479 2712 2950">
    <p class='ocr_par' dir='ltr' id='par_1_1' title="bbox 372 479 2712 1165">
     <span class='ocr_line' id='line_1_1' title="bbox 1401 479 1526 549; baseline 0 -1"><span class='ocrx_word' id='word_1_1' title='bbox 1401 479 1526 549; x_wconf 73' lang='lat'><em>127</em></span> 
     </span>
     <span class='ocr_line' id='line_1_2' title="bbox 372 607 2564 698; baseline -0.005 -19"><span class='ocrx_word' id='word_1_2' title='bbox 372 638 433 679; x_wconf 86' lang='lat' dir='ltr'><em>e.</em></span> <span class='ocrx_word' id='word_1_3' title='bbox 467 615 574 678; x_wconf 80' lang='lat'><em>12:</em></span> <span class='ocrx_word' id='word_1_4' title='bbox 606 629 777 698; x_wconf 72' lang='grc' dir='ltr'><strong>Μανίῳ</strong></span> <span class='ocrx_word' id='word_1_5' title='bbox 806 624 854 678; x_wconf 72' lang='grc' dir='ltr'><em>δ’</em></span> <span class='ocrx_word' id='word_1_6' title='bbox 882 626 1073 697; x_wconf 73' lang='grc' dir='ltr'><strong>Ἀκιλίῳ</strong></span> <span class='ocrx_word' id='word_1_7' title='bbox 1102 631 1361 696; x_wconf 67' lang='grc' dir='ltr'>χιλιαρχῶν</span> <span class='ocrx_word' id='word_1_8' title='bbox 1386 612 1660 696; x_wconf 88' lang='lat' dir='ltr'><em>(quitum</em></span> <span class='ocrx_word' id='word_1_9' title='bbox 1686 610 1972 672; x_wconf 84' lang='lat' dir='ltr'><em>tribunus</em></span> <span class='ocrx_word' id='word_1_10' title='bbox 1993 609 2255 671; x_wconf 82' lang='lat' dir='ltr'><em>militum</em></span> <span class='ocrx_word' id='word_1_11' title='bbox 2279 627 2314 669; x_wconf 88' lang='lat' dir='ltr'><em>a</em></span> <span class='ocrx_word' id='word_1_12' title='bbox 2341 607 2564 690; x_wconf 83' lang='lat' dir='ltr'><em>populo</em></span> 
     </span>
     <span class='ocr_line' id='line_1_3' title="bbox 373 710 2563 793; baseline -0.003 -16"><span class='ocrx_word' id='word_1_13' title='bbox 373 710 567 779; x_wconf 80' lang='lat' dir='ltr'><em>factus</em></span> <span class='ocrx_word' id='word_1_14' title='bbox 605 717 672 779; x_wconf 89' lang='lat' dir='ltr'><em>in</em></span> <span class='ocrx_word' id='word_1_15' title='bbox 700 717 977 779; x_wconf 69' lang='lat' dir='ltr'><em>exercitu</em></span> <span class='ocrx_word' id='word_1_16' title='bbox 1016 728 1185 789; x_wconf 87' lang='lat' dir='ltr'><em>erat,</em></span> <span class='ocrx_word' id='word_1_17' title='bbox 1233 727 1300 775; x_wconf 90' lang='lat' dir='ltr'><em>ut</em></span> <span class='ocrx_word' id='word_1_18' title='bbox 1327 714 1660 778; x_wconf 76' lang='lat' dir='ltr'><strong>Frontinus</strong></span> <span class='ocrx_word' id='word_1_19' title='bbox 1690 715 1960 790; x_wconf 84' lang='lat' dir='ltr'><em>Stratag.</em></span> <span class='ocrx_word' id='word_1_20' title='bbox 1998 713 2077 786; x_wconf 86' lang='lat'><em>11,</em></span> <span class='ocrx_word' id='word_1_21' title='bbox 2110 712 2174 785; x_wconf 77' lang='lat'><em>4,</em></span> <span class='ocrx_word' id='word_1_22' title='bbox 2208 710 2272 785; x_wconf 80' lang='lat'><em>4,</em></span> <span class='ocrx_word' id='word_1_23' title='bbox 2305 710 2563 793; x_wconf 81' lang='lat' dir='ltr'>scribit)</span> 
     </span>
     <span class='ocr_line' id='line_1_4' title="bbox 374 807 2568 894; baseline -0.004 -21"><span class='ocrx_word' id='word_1_24' title='bbox 374 825 434 874; x_wconf 67' lang='grc' dir='ltr'><em>ὄπ</em></span> <span class='ocrx_word' id='word_1_25' title='bbox 463 823 715 889; x_wconf 80' lang='grc' dir='ltr'><strong>Ἀντίοχον</strong></span> <span class='ocrx_word' id='word_1_26' title='bbox 742 824 821 873; x_wconf 83' lang='grc' dir='ltr'><em>τὸν</em></span> <span class='ocrx_word' id='word_1_27' title='bbox 842 823 1001 894; x_wconf 70' lang='grc' dir='ltr'><strong>μέγαν</strong></span> <span class='ocrx_word' id='word_1_28' title='bbox 1029 822 1297 882; x_wconf 68' lang='grc' dir='ltr'>συνεξῆλθεν</span> <span class='ocrx_word' id='word_1_29' title='bbox 1327 822 1389 880; x_wconf 72' lang='grc' dir='ltr'><em>εἰς</em></span> <span class='ocrx_word' id='word_1_30' title='bbox 1411 822 1495 877; x_wconf 72' lang='grc' dir='ltr'><em>τὴν</em></span> <span class='ocrx_word' id='word_1_31' title='bbox 1522 818 1755 875; x_wconf 73' lang='grc' dir='ltr'>Ἐλλάδα..</span> <span class='ocrx_word' id='word_1_32' title='bbox 1787 808 2052 873; x_wconf 78' lang='lat' dir='ltr'>Glabrio</span> <span class='ocrx_word' id='word_1_33' title='bbox 2081 819 2284 869; x_wconf 78' lang='lat' dir='ltr'><em>autem</em></span> <span class='ocrx_word' id='word_1_34' title='bbox 2314 807 2393 867; x_wconf 85' lang='lat' dir='ltr'><em>Ob</em></span> <span class='ocrx_word' id='word_1_35' title='bbox 2431 826 2568 868; x_wconf 80' lang='lat' dir='ltr'><em>eam</em></span> 
     </span>
     <span class='ocr_line' id='line_1_5' title="bbox 376 899 2712 990; baseline 0 -20"><span class='ocrx_word' id='word_1_36' title='bbox 376 928 509 971; x_wconf 92' lang='lat' dir='ltr'><em>rem</em></span> <span class='ocrx_word' id='word_1_37' title='bbox 538 910 616 972; x_wconf 88' lang='lat' dir='ltr'><em>de</em></span> <span class='ocrx_word' id='word_1_38' title='bbox 645 908 1067 970; x_wconf 68' lang='lat' dir='ltr'><em>inaestimabili</em></span> <span class='ocrx_word' id='word_1_39' title='bbox 1098 905 1373 990; x_wconf 70' lang='lat' dir='ltr'><em>perjurio</em></span> <span class='ocrx_word' id='word_1_40' title='bbox 1410 908 1667 971; x_wconf 88' lang='lat' dir='ltr'><em>Catonis</em></span> <span class='ocrx_word' id='word_1_41' title='bbox 1706 908 1753 968; x_wconf 93' lang='lat' dir='ltr'><em>i.</em></span> <span class='ocrx_word' id='word_1_42' title='bbox 1797 929 1856 971; x_wconf 92' lang='lat' dir='ltr'><em>e.</em></span> <span class='ocrx_word' id='word_1_43' title='bbox 1899 909 1975 971; x_wconf 87' lang='lat' dir='ltr'><em>de</em></span> <span class='ocrx_word' id='word_1_44' title='bbox 2018 907 2389 988; x_wconf 88' lang='lat' dir='ltr'><em>nequissima</em></span> <span class='ocrx_word' id='word_1_45' title='bbox 2433 926 2570 987; x_wconf 85' lang='lat' dir='ltr'><em>pro·</em></span> <span class='ocrx_word' id='word_1_46' title='bbox 2622 899 2712 971; x_wconf 78' lang='grc'><em>25</em></span> 
     </span>
     <span class='ocr_line' id='line_1_6' title="bbox 372 1000 2570 1086; baseline -0.002 -20"><span class='ocrx_word' id='word_1_47' title='bbox 372 1005 605 1067; x_wconf 82' lang='lat' dir='ltr'><strong>ditione</strong></span> <span class='ocrx_word' id='word_1_48' title='bbox 649 1020 896 1085; x_wconf 84' lang='lat' dir='ltr'><em>questus</em></span> <span class='ocrx_word' id='word_1_49' title='bbox 934 1018 1068 1081; x_wconf 88' lang='lat' dir='ltr'><em>est,</em></span> <span class='ocrx_word' id='word_1_50' title='bbox 1113 1006 1273 1086; x_wconf 88' lang='lat' dir='ltr'><em>quod</em></span> <span class='ocrx_word' id='word_1_51' title='bbox 1309 1004 1748 1085; x_wconf 82' lang='lat' dir='ltr'><strong>imperatorem</strong></span> <span class='ocrx_word' id='word_1_52' title='bbox 1788 1024 1825 1065; x_wconf 82' lang='lat' dir='ltr'><em>a</em></span> <span class='ocrx_word' id='word_1_53' title='bbox 1866 1004 2067 1083; x_wconf 82' lang='lat' dir='ltr'><em>legato</em></span> <span class='ocrx_word' id='word_1_54' title='bbox 2101 1005 2282 1086; x_wconf 87' lang='lat' dir='ltr'><em>prodi</em></span> <span class='ocrx_word' id='word_1_55' title='bbox 2315 1000 2570 1084; x_wconf 83' lang='lat' dir='ltr'><em>impium</em></span> 
     </span>
     <span class='ocr_line' id='line_1_7' title="bbox 375 1115 540 1165; baseline -0.03 0"><span class='ocrx_word' id='word_1_56' title='bbox 375 1115 540 1165; x_wconf 86' lang='lat' dir='ltr'><em>erat.</em></span> 
     </span>
    </p>

    <p class='ocr_par' dir='ltr' id='par_1_2' title="bbox 372 1200 2590 2950">
     <span class='ocr_line' id='line_1_8' title="bbox 459 1200 2576 1283; baseline -0.002 -19"><span class='ocrx_word' id='word_1_57' title='bbox 459 1203 707 1263; x_wconf 80' lang='lat' dir='ltr'>Festus:</span> <span class='ocrx_word' id='word_1_58' title='bbox 732 1226 761 1256; x_wconf 74' lang='grc' dir='ltr'><strong>α</strong></span> <span class='ocrx_word' id='word_1_59' title='bbox 792 1201 1152 1274; x_wconf 85' lang='lat' dir='ltr'><em>Penatores,</em></span> <span class='ocrx_word' id='word_1_60' title='bbox 1187 1201 1504 1283; x_wconf 87' lang='lat' dir='ltr'><em>quipenus</em></span> <span class='ocrx_word' id='word_1_61' title='bbox 1528 1213 1792 1281; x_wconf 85' lang='lat' dir='ltr'><em>gestant.</em></span> <span class='ocrx_word' id='word_1_62' title='bbox 1826 1200 1982 1264; x_wconf 90' lang='lat' dir='ltr'><em>Cato</em></span> <span class='ocrx_word' id='word_1_63' title='bbox 2011 1202 2303 1264; x_wconf 83' lang='lat' dir='ltr'><em>adversus</em></span> <span class='ocrx_word' id='word_1_64' title='bbox 2320 1204 2380 1262; x_wconf 86' lang='lat' dir='ltr'>M</span> <span class='ocrx_word' id='word_1_65' title='bbox 2388 1200 2576 1264; x_wconf 51' lang='lat' dir='ltr'><em>‚ffici-</em></span> 
     </span>
     <span class='ocr_line' id='line_1_9' title="bbox 374 1298 2576 1383; baseline -0.003 -23"><span class='ocrx_word' id='word_1_66' title='bbox 374 1300 528 1362; x_wconf 88' lang='lat' dir='ltr'><em>lium</em></span> <span class='ocrx_word' id='word_1_67' title='bbox 552 1310 808 1379; x_wconf 84' lang='lat' dir='ltr'><em>quarta:</em></span> <span class='ocrx_word' id='word_1_68' title='bbox 828 1298 1163 1383; x_wconf 80' lang='lat' dir='ltr'><em>Postquam</em></span> <span class='ocrx_word' id='word_1_69' title='bbox 1183 1302 1396 1358; x_wconf 74' lang='lat' dir='ltr'><em>rtaittas</em></span> <span class='ocrx_word' id='word_1_70' title='bbox 1421 1319 1508 1358; x_wconf 70' lang='lat' dir='ltr'><em>ex</em></span> <span class='ocrx_word' id='word_1_71' title='bbox 1529 1298 1781 1360; x_wconf 78' lang='lat' dir='ltr'><em>navibus</em></span> <span class='ocrx_word' id='word_1_72' title='bbox 1802 1299 2015 1372; x_wconf 76' lang='lat' dir='ltr'><em>eduxi,</em></span> <span class='ocrx_word' id='word_1_73' title='bbox 2037 1320 2154 1367; x_wconf 76' lang='lat' dir='ltr'><em>non</em></span> <span class='ocrx_word' id='word_1_74' title='bbox 2176 1320 2261 1358; x_wconf 69' lang='lat' dir='ltr'><em>ea:</em></span> <span class='ocrx_word' id='word_1_75' title='bbox 2283 1298 2576 1357; x_wconf 76' lang='lat' dir='ltr'><em>militibus</em></span> 
     </span>
     <span class='ocr_line' id='line_1_10' title="bbox 372 1398 2572 1484; baseline -0.001 -26"><span class='ocrx_word' id='word_1_76' title='bbox 372 1414 550 1484; x_wconf 87' lang='lat' dir='ltr'><em>atque</em></span> <span class='ocrx_word' id='word_1_77' title='bbox 567 1402 764 1456; x_wconf 74' lang='lat' dir='ltr'><em>nautis</em></span> <span class='ocrx_word' id='word_1_78' title='bbox 776 1402 1116 1474; x_wconf 88' lang='lat' dir='ltr'><em>piscatores</em></span> <span class='ocrx_word' id='word_1_79' title='bbox 1128 1414 1458 1476; x_wconf 80' lang='lat' dir='ltr'><em>penatores</em></span> <span class='ocrx_word' id='word_1_80' title='bbox 1466 1399 1876 1479; x_wconf 84' lang='lat' dir='ltr'><em>ficisedarum</em></span> <span class='ocrx_word' id='word_1_81' title='bbox 1890 1398 2045 1458; x_wconf 85' lang='lat' dir='ltr'><em>dedi.</em></span> <span class='ocrx_word' id='word_1_82' title='bbox 2081 1426 2110 1455; x_wconf 71' lang='grc' dir='ltr'><em>ι»</em></span> <span class='ocrx_word' id='word_1_83' title='bbox 2128 1399 2337 1462; x_wconf 84' lang='lat' dir='ltr'>Codex</span> <span class='ocrx_word' id='word_1_84' title='bbox 2359 1398 2572 1467; x_wconf 82' lang='lat' dir='ltr'><em>habet,</em></span> 
     </span>
     <span class='ocr_line' id='line_1_11' title="bbox 372 1495 2582 1579; baseline 0 -24"><span class='ocrx_word' id='word_1_85' title='bbox 372 1510 697 1579; x_wconf 77' lang='lat' dir='ltr'><em>postquam</em></span> <span class='ocrx_word' id='word_1_86' title='bbox 721 1498 1005 1554; x_wconf 72' lang='lat' dir='ltr'><em>nativitas</em></span> <span class='ocrx_word' id='word_1_87' title='bbox 1025 1514 1111 1554; x_wconf 76' lang='lat' dir='ltr'><em>ex</em></span> <span class='ocrx_word' id='word_1_88' title='bbox 1134 1496 1383 1557; x_wconf 76' lang='lat' dir='ltr'><em>navibus</em></span> <span class='ocrx_word' id='word_1_89' title='bbox 1410 1496 1621 1567; x_wconf 75' lang='lat' dir='ltr'><em>eduxi,</em></span> <span class='ocrx_word' id='word_1_90' title='bbox 1640 1514 1759 1552; x_wconf 87' lang='lat' dir='ltr'><em>non</em></span> <span class='ocrx_word' id='word_1_91' title='bbox 1776 1514 1862 1552; x_wconf 73' lang='lat' dir='ltr'><em>ex</em></span> <span class='ocrx_word' id='word_1_92' title='bbox 1880 1495 2168 1555; x_wconf 78' lang='lat' dir='ltr'><em>militibus</em></span> <span class='ocrx_word' id='word_1_93' title='bbox 2185 1511 2359 1579; x_wconf 84' lang='lat' dir='ltr'><em>atque</em></span> <span class='ocrx_word' id='word_1_94' title='bbox 2378 1502 2582 1557; x_wconf 87' lang='lat' dir='ltr'><em>nautis</em></span> 
     </span>
     <span class='ocr_line' id='line_1_12' title="bbox 373 1590 2584 1674; baseline 0.002 -23"><span class='ocrx_word' id='word_1_95' title='bbox 373 1597 712 1672; x_wconf 77' lang='lat' dir='ltr'><em>piscatores</em></span> <span class='ocrx_word' id='word_1_96' title='bbox 726 1606 1053 1669; x_wconf 85' lang='lat' dir='ltr'><em>penatores</em></span> <span class='ocrx_word' id='word_1_97' title='bbox 1055 1593 1461 1674; x_wconf 82' lang='lat' dir='ltr'><em>ficisedarum</em></span> <span class='ocrx_word' id='word_1_98' title='bbox 1481 1591 1641 1649; x_wconf 84' lang='lat' dir='ltr'><em>dedi.</em></span> <span class='ocrx_word' id='word_1_99' title='bbox 1676 1591 1883 1652; x_wconf 81' lang='lat' dir='ltr'><em>Editio</em></span> <span class='ocrx_word' id='word_1_100' title='bbox 1900 1590 2012 1652; x_wconf 86' lang='lat'><em>151</em></span> <span class='ocrx_word' id='word_1_101' title='bbox 2030 1593 2054 1651; x_wconf 91' lang='lat' dir='ltr'>l</span> <span class='ocrx_word' id='word_1_102' title='bbox 2072 1613 2087 1651; x_wconf 74' lang='lat' dir='ltr'><em>z</em></span> <span class='ocrx_word' id='word_1_103' title='bbox 2116 1592 2272 1655; x_wconf 86' lang='lat' dir='ltr'><em>Cato</em></span> <span class='ocrx_word' id='word_1_104' title='bbox 2293 1595 2584 1655; x_wconf 81' lang='lat' dir='ltr'><em>adversus</em></span> 
     </span>
     <span class='ocr_line' id='line_1_13' title="bbox 381 1689 2580 1775; baseline -0.001 -22"><span class='ocrx_word' id='word_1_105' title='bbox 381 1694 467 1753; x_wconf 88' lang='lat' dir='ltr'><em>M.</em></span> <span class='ocrx_word' id='word_1_106' title='bbox 491 1692 823 1754; x_wconf 83' lang='lat' dir='ltr'><em>Accillium</em></span> <span class='ocrx_word' id='word_1_107' title='bbox 845 1704 1102 1771; x_wconf 84' lang='lat' dir='ltr'><em>quarta:</em></span> <span class='ocrx_word' id='word_1_108' title='bbox 1127 1706 1451 1775; x_wconf 83' lang='lat' dir='ltr'><em>postquam</em></span> <span class='ocrx_word' id='word_1_109' title='bbox 1474 1694 1754 1748; x_wconf 77' lang='lat' dir='ltr'><em>nativitas</em></span> <span class='ocrx_word' id='word_1_110' title='bbox 1774 1709 1859 1749; x_wconf 75' lang='lat' dir='ltr'><em>ea:</em></span> <span class='ocrx_word' id='word_1_111' title='bbox 1879 1689 2128 1750; x_wconf 76' lang='lat' dir='ltr'><em>navibus</em></span> <span class='ocrx_word' id='word_1_112' title='bbox 2148 1693 2338 1749; x_wconf 71' lang='lat' dir='ltr'><em>edua-i</em></span> <span class='ocrx_word' id='word_1_113' title='bbox 2354 1713 2473 1751; x_wconf 86' lang='lat' dir='ltr'><em>non</em></span> <span class='ocrx_word' id='word_1_114' title='bbox 2494 1713 2580 1751; x_wconf 76' lang='lat' dir='ltr'><em>ex</em></span> 
     </span>
     <span class='ocr_line' id='line_1_14' title="bbox 381 1790 2577 1877; baseline 0 -26"><span class='ocrx_word' id='word_1_115' title='bbox 381 1792 678 1853; x_wconf 81' lang='lat' dir='ltr'><em>militibus</em></span> <span class='ocrx_word' id='word_1_116' title='bbox 718 1807 897 1877; x_wconf 80' lang='lat' dir='ltr'><em>atque</em></span> <span class='ocrx_word' id='word_1_117' title='bbox 940 1795 1138 1850; x_wconf 83' lang='lat' dir='ltr'><em>nautis</em></span> <span class='ocrx_word' id='word_1_118' title='bbox 1176 1795 1520 1869; x_wconf 80' lang='lat' dir='ltr'><em>piscatores</em></span> <span class='ocrx_word' id='word_1_119' title='bbox 1561 1804 1883 1867; x_wconf 82' lang='lat' dir='ltr'><em>penatores</em></span> <span class='ocrx_word' id='word_1_120' title='bbox 1911 1790 2120 1869; x_wconf 86' lang='lat' dir='ltr'><em>facile</em></span> <span class='ocrx_word' id='word_1_121' title='bbox 2162 1791 2368 1850; x_wconf 83' lang='lat' dir='ltr'><em>datum</em></span> <span class='ocrx_word' id='word_1_122' title='bbox 2415 1794 2577 1853; x_wconf 81' lang='lat' dir='ltr'><em>dedi.</em></span> 
     </span>
     <span class='ocr_line' id='line_1_15' title="bbox 381 1884 2579 1969; baseline -0.001 -20"><span class='ocrx_word' id='word_1_123' title='bbox 381 1888 647 1956; x_wconf 77' lang='lat' dir='ltr'><em>Ursinus</em></span> <span class='ocrx_word' id='word_1_124' title='bbox 684 1884 995 1969; x_wconf 80' lang='lat' dir='ltr'><em>conjecit:</em></span> <span class='ocrx_word' id='word_1_125' title='bbox 1037 1891 1418 1964; x_wconf 88' lang='lat' dir='ltr'><em>piscatores,</em></span> <span class='ocrx_word' id='word_1_126' title='bbox 1456 1899 1785 1962; x_wconf 85' lang='lat' dir='ltr'><em>penatores</em></span> <span class='ocrx_word' id='word_1_127' title='bbox 1809 1885 1982 1964; x_wconf 65' lang='lat' dir='ltr'><em>fici,</em></span> <span class='ocrx_word' id='word_1_128' title='bbox 2028 1887 2141 1945; x_wconf 86' lang='lat' dir='ltr'><em>sed</em></span> <span class='ocrx_word' id='word_1_129' title='bbox 2175 1887 2375 1945; x_wconf 81' lang='lat' dir='ltr'><em>cibum</em></span> <span class='ocrx_word' id='word_1_130' title='bbox 2417 1889 2579 1948; x_wconf 84' lang='lat' dir='ltr'><em>dedi.</em></span> 
     </span>
     <span class='ocr_line' id='line_1_16' title="bbox 377 1968 2577 2069; baseline -0.002 -18"><span class='ocrx_word' id='word_1_131' title='bbox 377 1986 681 2050; x_wconf 82' lang='lat' dir='ltr'><em>Dacerius</em></span> <span class='ocrx_word' id='word_1_132' title='bbox 711 1984 984 2069; x_wconf 81' lang='lat' dir='ltr'><em>conjecit</em></span> <span class='ocrx_word' id='word_1_133' title='bbox 1009 2006 1025 2045; x_wconf 72' lang='grc' dir='ltr'><strong>ε</strong></span> <span class='ocrx_word' id='word_1_134' title='bbox 1049 1987 1215 2066; x_wconf 76' lang='lat' dir='ltr'><em>jeci,</em></span> <span class='ocrx_word' id='word_1_135' title='bbox 1247 1985 1361 2045; x_wconf 85' lang='lat' dir='ltr'><em>sed</em></span> <span class='ocrx_word' id='word_1_136' title='bbox 1390 2004 1606 2042; x_wconf 73' lang='lat' dir='ltr'><em>aarum</em></span> <span class='ocrx_word' id='word_1_137' title='bbox 1643 1983 1787 2042; x_wconf 75' lang='lat' dir='ltr'><em>dedi</em></span> <span class='ocrx_word' id='word_1_138' title='bbox 1805 1968 1841 2041; x_wconf 67' lang='grc'><em>.·’</em></span> <span class='ocrx_word' id='word_1_139' title='bbox 1872 1997 2173 2065; x_wconf 60' lang='lat' dir='ltr'><em>praeterea</em></span> <span class='ocrx_word' id='word_1_140' title='bbox 2204 1986 2577 2068; x_wconf 86' lang='lat' dir='ltr'><em>suspicatur,</em></span> 
     </span>
     <span class='ocr_line' id='line_1_17' title="bbox 375 2083 2584 2168; baseline 0 -18"><span class='ocrx_word' id='word_1_141' title='bbox 375 2089 623 2152; x_wconf 82' lang='lat' dir='ltr'><em>Festum</em></span> <span class='ocrx_word' id='word_1_142' title='bbox 646 2088 713 2149; x_wconf 91' lang='lat' dir='ltr'><em>in</em></span> <span class='ocrx_word' id='word_1_143' title='bbox 737 2101 1065 2168; x_wconf 86' lang='lat' dir='ltr'><em>corruptos</em></span> <span class='ocrx_word' id='word_1_144' title='bbox 1078 2084 1337 2149; x_wconf 86' lang='lat' dir='ltr'><em>Catonis</em></span> <span class='ocrx_word' id='word_1_145' title='bbox 1357 2083 1599 2146; x_wconf 85' lang='lat' dir='ltr'><em>codices</em></span> <span class='ocrx_word' id='word_1_146' title='bbox 1619 2083 1931 2160; x_wconf 78' lang='lat' dir='ltr'><em>incidisse,</em></span> <span class='ocrx_word' id='word_1_147' title='bbox 1952 2086 2058 2148; x_wconf 88' lang='lat' dir='ltr'><em>ubi</em></span> <span class='ocrx_word' id='word_1_148' title='bbox 2082 2087 2243 2147; x_wconf 88' lang='lat' dir='ltr'><em>male</em></span> <span class='ocrx_word' id='word_1_149' title='bbox 2258 2102 2584 2164; x_wconf 85' lang='lat' dir='ltr'><em>penatores</em></span> 
     </span>
     <span class='ocr_line' id='line_1_18' title="bbox 377 2176 2581 2270; baseline -0.001 -21"><span class='ocrx_word' id='word_1_150' title='bbox 377 2206 492 2269; x_wconf 86' lang='lat' dir='ltr'><em>pro</em></span> <span class='ocrx_word' id='word_1_151' title='bbox 520 2200 842 2247; x_wconf 83' lang='lat' dir='ltr'><em>venatores</em></span> <span class='ocrx_word' id='word_1_152' title='bbox 866 2184 1202 2264; x_wconf 80' lang='lat' dir='ltr'><em>legeretur.</em></span> <span class='ocrx_word' id='word_1_153' title='bbox 1259 2176 1376 2270; x_wconf 92' lang='lat' dir='ltr'><em>[Ut</em></span> <span class='ocrx_word' id='word_1_154' title='bbox 1401 2182 1484 2243; x_wconf 90' lang='lat' dir='ltr'><em>sit</em></span> <span class='ocrx_word' id='word_1_155' title='bbox 1511 2199 1766 2243; x_wconf 81' lang='lat' dir='ltr'><em>sensus:</em></span> <span class='ocrx_word' id='word_1_156' title='bbox 1800 2185 1937 2244; x_wconf 87' lang='lat' dir='ltr'><em>Non</em></span> <span class='ocrx_word' id='word_1_157' title='bbox 1968 2182 2269 2245; x_wconf 84' lang='lat' dir='ltr'><em>militibus</em></span> <span class='ocrx_word' id='word_1_158' title='bbox 2296 2185 2446 2259; x_wconf 86' lang='lat' dir='ltr'><em>dixi,</em></span> <span class='ocrx_word' id='word_1_159' title='bbox 2481 2199 2581 2259; x_wconf 89' lang='lat' dir='ltr'><em>ut,</em></span> 
     </span>
     <span class='ocr_line' id='line_1_19' title="bbox 380 2283 2586 2365; baseline -0.001 -15"><span class='ocrx_word' id='word_1_160' title='bbox 380 2288 434 2351; x_wconf 86' lang='lat' dir='ltr'><em>si</em></span> <span class='ocrx_word' id='word_1_161' title='bbox 462 2288 647 2349; x_wconf 87' lang='lat' dir='ltr'><em>edere</em></span> <span class='ocrx_word' id='word_1_162' title='bbox 673 2286 928 2359; x_wconf 83' lang='lat' dir='ltr'><em>vellent,</em></span> <span class='ocrx_word' id='word_1_163' title='bbox 957 2285 1056 2346; x_wconf 79' lang='lat' dir='ltr'><em>vel</em></span> <span class='ocrx_word' id='word_1_164' title='bbox 1083 2293 1493 2356; x_wconf 81' lang='lat' dir='ltr'><em>venarentur,</em></span> <span class='ocrx_word' id='word_1_165' title='bbox 1529 2283 1629 2344; x_wconf 79' lang='lat' dir='ltr'><em>vel</em></span> <span class='ocrx_word' id='word_1_166' title='bbox 1657 2283 2082 2365; x_wconf 83' lang='lat' dir='ltr'><em>piscarentur3</em></span> <span class='ocrx_word' id='word_1_167' title='bbox 2114 2285 2222 2347; x_wconf 89' lang='lat' dir='ltr'><em>sed</em></span> <span class='ocrx_word' id='word_1_168' title='bbox 2250 2304 2467 2347; x_wconf 88' lang='lat' dir='ltr'><em>aurum</em></span> <span class='ocrx_word' id='word_1_169' title='bbox 2495 2287 2586 2348; x_wconf 89' lang='lat' dir='ltr'><em>eis</em></span> 
     </span>
     <span class='ocr_line' id='line_1_20' title="bbox 383 2377 2588 2471; baseline -0.003 -21"><span class='ocrx_word' id='word_1_170' title='bbox 383 2385 550 2461; x_wconf 88' lang='lat' dir='ltr'><em>dedi,</em></span> <span class='ocrx_word' id='word_1_171' title='bbox 579 2405 698 2468; x_wconf 80' lang='lat' dir='ltr'><em>quo</em></span> <span class='ocrx_word' id='word_1_172' title='bbox 727 2382 936 2448; x_wconf 87' lang='lat' dir='ltr'><em>eibum</em></span> <span class='ocrx_word' id='word_1_173' title='bbox 965 2377 1323 2471; x_wconf 84' lang='lat' dir='ltr'><em>pararent.]</em></span> <span class='ocrx_word' id='word_1_174' title='bbox 1360 2384 1596 2464; x_wconf 88' lang='lat' dir='ltr'><em>Popma</em></span> <span class='ocrx_word' id='word_1_175' title='bbox 1630 2381 1903 2463; x_wconf 84' lang='lat' dir='ltr'><em>conjecit</em></span> <span class='ocrx_word' id='word_1_176' title='bbox 1929 2406 1945 2443; x_wconf 72' lang='grc' dir='ltr'><em>ε</em></span> <span class='ocrx_word' id='word_1_177' title='bbox 1981 2398 2302 2461; x_wconf 88' lang='lat' dir='ltr'><em>penatores</em></span> <span class='ocrx_word' id='word_1_178' title='bbox 2312 2386 2588 2466; x_wconf 80' lang='lat' dir='ltr'><em>fiscella-</em></span> 
     </span>
     <span class='ocr_line' id='line_1_21' title="bbox 382 2479 2587 2565; baseline -0.001 -20"><span class='ocrx_word' id='word_1_179' title='bbox 382 2507 543 2545; x_wconf 84' lang='lat' dir='ltr'><em>rum.</em></span> <span class='ocrx_word' id='word_1_180' title='bbox 590 2483 842 2563; x_wconf 74' lang='lat' dir='ltr'><em>Legitur</em></span> <span class='ocrx_word' id='word_1_181' title='bbox 884 2483 1045 2565; x_wconf 85' lang='lat' dir='ltr'><em>apud</em></span> <span class='ocrx_word' id='word_1_182' title='bbox 1079 2483 1398 2542; x_wconf 82' lang='lat' dir='ltr'><em>Perottum</em></span> <span class='ocrx_word' id='word_1_183' title='bbox 1410 2524 1433 2553; x_wconf 87' lang='lat'><em>,</em></span> <span class='ocrx_word' id='word_1_184' title='bbox 1480 2481 1579 2541; x_wconf 87' lang='lat' dir='ltr'><em>ed.</em></span> <span class='ocrx_word' id='word_1_185' title='bbox 1622 2479 1782 2542; x_wconf 82' lang='lat'>1526</span> <span class='ocrx_word' id='word_1_186' title='bbox 1807 2501 1822 2540; x_wconf 89' lang='lat'><strong>:</strong></span> <span class='ocrx_word' id='word_1_187' title='bbox 1850 2495 2172 2557; x_wconf 82' lang='lat' dir='ltr'><em>penatores</em></span> <span class='ocrx_word' id='word_1_188' title='bbox 2190 2481 2587 2562; x_wconf 79' lang='lat' dir='ltr'><em>ficiledamm</em></span> 
     </span>
     <span class='ocr_line' id='line_1_22' title="bbox 378 2575 2587 2665; baseline 0 -22"><span class='ocrx_word' id='word_1_189' title='bbox 378 2585 540 2644; x_wconf 84' lang='lat' dir='ltr'><em>dedi.</em></span> <span class='ocrx_word' id='word_1_190' title='bbox 591 2584 665 2644; x_wconf 87' lang='lat' dir='ltr'><em>Iu</em></span> <span class='ocrx_word' id='word_1_191' title='bbox 692 2576 1141 2658; x_wconf 82' lang='lat' dir='ltr'><em>Laurenbergii</em></span> <span class='ocrx_word' id='word_1_192' title='bbox 1187 2575 1558 2658; x_wconf 86' lang='lat' dir='ltr'><em>Antiquario</em></span> <span class='ocrx_word' id='word_1_193' title='bbox 1606 2599 1743 2659; x_wconf 80' lang='lat' dir='ltr'><em>pag.</em></span> <span class='ocrx_word' id='word_1_194' title='bbox 1788 2579 1908 2643; x_wconf 78' lang='lat'><em>329</em></span> <span class='ocrx_word' id='word_1_195' title='bbox 1946 2580 2170 2658; x_wconf 82' lang='lat' dir='ltr'><em>legitur</em></span> <span class='ocrx_word' id='word_1_196' title='bbox 2197 2605 2213 2638; x_wconf 73' lang='grc' dir='ltr'><strong><em>ε</em></strong></span> <span class='ocrx_word' id='word_1_197' title='bbox 2251 2580 2587 2665; x_wconf 83' lang='lat' dir='ltr'><em>Postquam</em></span> 
     </span>
     <span class='ocr_line' id='line_1_23' title="bbox 381 2676 2589 2761; baseline -0 -19"><span class='ocrx_word' id='word_1_198' title='bbox 381 2687 620 2743; x_wconf 80' lang='lat' dir='ltr'><em>navitas</em></span> <span class='ocrx_word' id='word_1_199' title='bbox 643 2700 730 2740; x_wconf 79' lang='lat' dir='ltr'><em>ex</em></span> <span class='ocrx_word' id='word_1_200' title='bbox 761 2679 1011 2739; x_wconf 76' lang='lat' dir='ltr'><em>navibus</em></span> <span class='ocrx_word' id='word_1_201' title='bbox 1037 2679 1249 2746; x_wconf 77' lang='lat' dir='ltr'><em>eduxi,</em></span> <span class='ocrx_word' id='word_1_202' title='bbox 1270 2697 1391 2736; x_wconf 85' lang='lat' dir='ltr'><em>non</em></span> <span class='ocrx_word' id='word_1_203' title='bbox 1414 2697 1500 2735; x_wconf 73' lang='lat' dir='ltr'><em>ex</em></span> <span class='ocrx_word' id='word_1_204' title='bbox 1525 2676 1816 2736; x_wconf 80' lang='lat' dir='ltr'><em>militibus</em></span> <span class='ocrx_word' id='word_1_205' title='bbox 1837 2693 2015 2761; x_wconf 83' lang='lat' dir='ltr'><em>atque</em></span> <span class='ocrx_word' id='word_1_206' title='bbox 2038 2681 2231 2735; x_wconf 81' lang='lat' dir='ltr'><em>nautis</em></span> <span class='ocrx_word' id='word_1_207' title='bbox 2247 2677 2589 2758; x_wconf 78' lang='lat' dir='ltr'><em>(legendum</em></span> 
     </span>
     <span class='ocr_line' id='line_1_24' title="bbox 388 2770 2590 2858; baseline -0 -20"><span class='ocrx_word' id='word_1_208' title='bbox 388 2778 623 2858; x_wconf 73' lang='lat' dir='ltr'><em>navitis)</em></span> <span class='ocrx_word' id='word_1_209' title='bbox 645 2781 1007 2853; x_wconf 86' lang='lat' dir='ltr'><em>piscatores,</em></span> <span class='ocrx_word' id='word_1_210' title='bbox 1032 2787 1357 2849; x_wconf 85' lang='lat' dir='ltr'><em>penatores</em></span> <span class='ocrx_word' id='word_1_211' title='bbox 1361 2771 1776 2851; x_wconf 79' lang='lat' dir='ltr'><em>ficedulamm</em></span> <span class='ocrx_word' id='word_1_212' title='bbox 1806 2773 1969 2831; x_wconf 85' lang='lat' dir='ltr'><em>dedi.</em></span> <span class='ocrx_word' id='word_1_213' title='bbox 1989 2808 2069 2816; x_wconf 89' lang='lat'><strong>—</strong></span> <span class='ocrx_word' id='word_1_214' title='bbox 2098 2770 2353 2834; x_wconf 81' lang='lat' dir='ltr'><em>Dacerii</em></span> <span class='ocrx_word' id='word_1_215' title='bbox 2382 2795 2590 2837; x_wconf 87' lang='lat' dir='ltr'><em>emen·</em></span> 
     </span>
     <span class='ocr_line' id='line_1_25' title="bbox 389 2868 1427 2950; baseline -0.005 -13"><span class='ocrx_word' id='word_1_216' title='bbox 389 2874 704 2937; x_wconf 86' lang='lat' dir='ltr'><em>dationem</em></span> <span class='ocrx_word' id='word_1_217' title='bbox 730 2868 1150 2935; x_wconf 87' lang='lat' dir='ltr'><em>lubentissime</em></span> <span class='ocrx_word' id='word_1_218' title='bbox 1178 2889 1427 2950; x_wconf 88' lang='lat' dir='ltr'><em>sequor.</em></span> 
     </span>
    </p>
   </div>
   <div class='ocr_carea' id='block_1_2' title="bbox 807 3054 2177 3113">
    <p class='ocr_par' dir='ltr' id='par_1_3' title="bbox 807 3054 2177 3113">
     <span class='ocr_line' id='line_1_26' title="bbox 807 3054 2177 3113; baseline -0.001 -1"><span class='ocrx_word' id='word_1_219' title='bbox 807 3054 906 3112; x_wconf 90' lang='lat' dir='ltr'><em>ll.</em></span> <span class='ocrx_word' id='word_1_220' title='bbox 954 3067 1173 3113; x_wconf 67' lang='lat' dir='ltr'><em>oum-10</em></span> <span class='ocrx_word' id='word_1_221' title='bbox 1222 3071 1301 3111; x_wconf 80' lang='lat' dir='ltr'><em>nr.</em></span> <span class='ocrx_word' id='word_1_222' title='bbox 1345 3070 1606 3112; x_wconf 62' lang='lat' dir='ltr'><em>noui-ui</em></span> <span class='ocrx_word' id='word_1_223' title='bbox 1654 3070 1829 3113; x_wconf 69' lang='lat' dir='ltr'><em>ueots</em></span> <span class='ocrx_word' id='word_1_224' title='bbox 1873 3069 2177 3113; x_wconf 60' lang='lat' dir='ltr'><em>innocui.</em></span> 
     </span>
    </p>
   </div>
   <div class='ocr_carea' id='block_1_3' title="bbox 391 3216 2614 4386">
    <p class='ocr_par' dir='ltr' id='par_1_4' title="bbox 391 3216 2614 4386">
     <span class='ocr_line' id='line_1_27' title="bbox 480 3216 2603 3297; baseline 0 -16"><span class='ocrx_word' id='word_1_225' title='bbox 480 3221 624 3282; x_wconf 84' lang='lat' dir='ltr'><em>Haec</em></span> <span class='ocrx_word' id='word_1_226' title='bbox 683 3216 912 3283; x_wconf 85' lang='lat' dir='ltr'><em>incidit</em></span> <span class='ocrx_word' id='word_1_227' title='bbox 970 3222 1035 3282; x_wconf 90' lang='lat' dir='ltr'><em>iu</em></span> <span class='ocrx_word' id='word_1_228' title='bbox 1095 3238 1325 3280; x_wconf 86' lang='lat' dir='ltr'><em>aunum</em></span> <span class='ocrx_word' id='word_1_229' title='bbox 1382 3220 1530 3282; x_wconf 88' lang='grc'><strong>566.</strong></span> <span class='ocrx_word' id='word_1_230' title='bbox 1605 3222 2052 3297; x_wconf 80' lang='lat' dir='ltr'><em>Argumentum</em></span> <span class='ocrx_word' id='word_1_231' title='bbox 2108 3231 2327 3282; x_wconf 56' lang='lat' dir='ltr'><em>narra</em></span> <span class='ocrx_word' id='word_1_232' title='bbox 2381 3221 2603 3283; x_wconf 81' lang='lat' dir='ltr'><em>Livius</em></span> 
     </span>
     <span class='ocr_line' id='line_1_28' title="bbox 398 3315 2599 3391; baseline 0.002 -17"><span class='ocrx_word' id='word_1_233' title='bbox 398 3315 730 3377; x_wconf 83' lang='lat' dir='ltr'>xxxvul</span> <span class='ocrx_word' id='word_1_234' title='bbox 755 3364 771 3391; x_wconf 95' lang='lat'><em>,</em></span> <span class='ocrx_word' id='word_1_235' title='bbox 824 3316 898 3379; x_wconf 81' lang='lat'><em>54</em></span> <span class='ocrx_word' id='word_1_236' title='bbox 936 3337 953 3375; x_wconf 71' lang='grc' dir='ltr'><em>τ</em></span> <span class='ocrx_word' id='word_1_237' title='bbox 1014 3318 1215 3378; x_wconf 89' lang='lat' dir='ltr'><em>Morte</em></span> <span class='ocrx_word' id='word_1_238' title='bbox 1267 3315 1548 3378; x_wconf 76' lang='lat' dir='ltr'><em>Africani</em></span> <span class='ocrx_word' id='word_1_239' title='bbox 1595 3337 1855 3381; x_wconf 81' lang='lat' dir='ltr'><em>crevere</em></span> <span class='ocrx_word' id='word_1_240' title='bbox 1915 3318 2307 3380; x_wconf 88' lang='lat' dir='ltr'><em>inimicorum</em></span> <span class='ocrx_word' id='word_1_241' title='bbox 2358 3315 2551 3379; x_wconf 90' lang='lat' dir='ltr'><em>animi</em></span> <span class='ocrx_word' id='word_1_242' title='bbox 2581 3340 2599 3379; x_wconf 74' lang='grc' dir='ltr'><strong>ε</strong></span> 
     </span>
     <span class='ocr_line' id='line_1_29' title="bbox 399 3415 2611 3502; baseline 0.001 -25"><span class='ocrx_word' id='word_1_243' title='bbox 399 3434 660 3498; x_wconf 79' lang='lat' dir='ltr'><em>quorum</em></span> <span class='ocrx_word' id='word_1_244' title='bbox 689 3415 984 3499; x_wconf 85' lang='lat' dir='ltr'><em>princeps</em></span> <span class='ocrx_word' id='word_1_245' title='bbox 1013 3415 1125 3478; x_wconf 82' lang='lat' dir='ltr'><em>fuit</em></span> <span class='ocrx_word' id='word_1_246' title='bbox 1153 3418 1238 3477; x_wconf 87' lang='grc' dir='ltr'><em>Μ.</em></span> <span class='ocrx_word' id='word_1_247' title='bbox 1268 3417 1525 3481; x_wconf 83' lang='lat' dir='ltr'><em>Porcius</em></span> <span class='ocrx_word' id='word_1_248' title='bbox 1551 3416 1732 3490; x_wconf 87' lang='lat' dir='ltr'><em>Cato,</em></span> <span class='ocrx_word' id='word_1_249' title='bbox 1767 3418 1872 3499; x_wconf 89' lang='lat' dir='ltr'><em>qui</em></span> <span class='ocrx_word' id='word_1_250' title='bbox 1900 3419 2047 3481; x_wconf 77' lang='lat' dir='ltr'><em>vivo</em></span> <span class='ocrx_word' id='word_1_251' title='bbox 2075 3439 2316 3502; x_wconf 88' lang='lat' dir='ltr'><em>quoque</em></span> <span class='ocrx_word' id='word_1_252' title='bbox 2355 3439 2430 3481; x_wconf 92' lang='lat' dir='ltr'><em>eo</em></span> <span class='ocrx_word' id='word_1_253' title='bbox 2461 3418 2611 3480; x_wconf 86' lang='lat' dir='ltr'><em>alla·</em></span> 
     </span>
     <span class='ocr_line' id='line_1_30' title="bbox 395 3513 2605 3597; baseline 0.001 -18"><span class='ocrx_word' id='word_1_254' title='bbox 395 3532 573 3579; x_wconf 86' lang='lat' dir='ltr'><em>trare</em></span> <span class='ocrx_word' id='word_1_255' title='bbox 600 3513 733 3597; x_wconf 90' lang='lat' dir='ltr'><em>ejus</em></span> <span class='ocrx_word' id='word_1_256' title='bbox 760 3517 1248 3594; x_wconf 81' lang='lat' dir='ltr'><em>magnitudinem</em></span> <span class='ocrx_word' id='word_1_257' title='bbox 1278 3518 1492 3579; x_wconf 86' lang='lat' dir='ltr'><em>solitus</em></span> <span class='ocrx_word' id='word_1_258' title='bbox 1518 3530 1678 3580; x_wconf 84' lang='lat' dir='ltr'><em>erat.</em></span> <span class='ocrx_word' id='word_1_259' title='bbox 1729 3520 1860 3581; x_wconf 86' lang='lat' dir='ltr'><em>Hoc</em></span> <span class='ocrx_word' id='word_1_260' title='bbox 1889 3532 2144 3583; x_wconf 83' lang='lat' dir='ltr'><em>auctore</em></span> <span class='ocrx_word' id='word_1_261' title='bbox 2172 3520 2605 3581; x_wconf 82' lang='lat' dir='ltr'><em>existimantur</em></span> 
     </span>
     <span class='ocr_line' id='line_1_31' title="bbox 391 3613 2607 3701; baseline 0.001 -24"><span class='ocrx_word' id='word_1_262' title='bbox 391 3613 624 3677; x_wconf 86' lang='lat' dir='ltr'><em>Petillii</em></span> <span class='ocrx_word' id='word_1_263' title='bbox 652 3626 716 3677; x_wconf 88' lang='lat' dir='ltr'><em>et</em></span> <span class='ocrx_word' id='word_1_264' title='bbox 738 3613 881 3675; x_wconf 79' lang='lat' dir='ltr'><em>vivo</em></span> <span class='ocrx_word' id='word_1_265' title='bbox 906 3613 1203 3676; x_wconf 78' lang='lat' dir='ltr'><em>Africano</em></span> <span class='ocrx_word' id='word_1_266' title='bbox 1233 3634 1366 3675; x_wconf 87' lang='lat' dir='ltr'><em>rem</em></span> <span class='ocrx_word' id='word_1_267' title='bbox 1394 3613 1656 3692; x_wconf 84' lang='lat' dir='ltr'><em>ingressi</em></span> <span class='ocrx_word' id='word_1_268' title='bbox 1688 3627 1754 3676; x_wconf 91' lang='lat' dir='ltr'><em>et</em></span> <span class='ocrx_word' id='word_1_269' title='bbox 1780 3630 2025 3680; x_wconf 91' lang='lat' dir='ltr'><em>mortuo</em></span> <span class='ocrx_word' id='word_1_270' title='bbox 2056 3619 2443 3694; x_wconf 81' lang='lat' dir='ltr'><em>rogationem</em></span> <span class='ocrx_word' id='word_1_271' title='bbox 2469 3638 2607 3701; x_wconf 83' lang='lat' dir='ltr'><em>pro·</em></span> 
     </span>
     <span class='ocr_line' id='line_1_32' title="bbox 394 3711 2604 3803; baseline 0.001 -26"><span class='ocrx_word' id='word_1_272' title='bbox 394 3716 727 3795; x_wconf 83' lang='lat' dir='ltr'><em>mulgasse.</em></span> <span class='ocrx_word' id='word_1_273' title='bbox 775 3714 912 3777; x_wconf 85' lang='lat' dir='ltr'><em>Fuit</em></span> <span class='ocrx_word' id='word_1_274' title='bbox 941 3727 1145 3775; x_wconf 85' lang='lat' dir='ltr'><em>autem</em></span> <span class='ocrx_word' id='word_1_275' title='bbox 1173 3714 1412 3792; x_wconf 80' lang='lat' dir='ltr'><em>rogatio</em></span> <span class='ocrx_word' id='word_1_276' title='bbox 1443 3711 1626 3774; x_wconf 83' lang='lat' dir='ltr'><em>talis:</em></span> <span class='ocrx_word' id='word_1_277' title='bbox 1663 3714 1920 3789; x_wconf 66' lang='lat' dir='ltr'><em>VelitIs,</em></span> <span class='ocrx_word' id='word_1_278' title='bbox 1944 3713 2246 3797; x_wconf 79' lang='lat' dir='ltr'><em>jubeatis,</em></span> <span class='ocrx_word' id='word_1_279' title='bbox 2278 3734 2604 3803; x_wconf 81' lang='lat' dir='ltr'><em>quoeratur,</em></span> 
     </span>
     <span class='ocr_line' id='line_1_33' title="bbox 398 3808 2610 3901; baseline 0.003 -32"><span class='ocrx_word' id='word_1_280' title='bbox 398 3833 540 3898; x_wconf 68' lang='lat' dir='ltr'><em>quae</em></span> <span class='ocrx_word' id='word_1_281' title='bbox 577 3814 835 3889; x_wconf 79' lang='lat' dir='ltr'><em>pecunia</em></span> <span class='ocrx_word' id='word_1_282' title='bbox 873 3824 1077 3889; x_wconf 87' lang='lat' dir='ltr'><em>capta,</em></span> <span class='ocrx_word' id='word_1_283' title='bbox 1112 3808 1339 3879; x_wconf 81' lang='lat' dir='ltr'><em>ablata,</em></span> <span class='ocrx_word' id='word_1_284' title='bbox 1370 3824 1580 3869; x_wconf 86' lang='lat' dir='ltr'><em>coacta</em></span> <span class='ocrx_word' id='word_1_285' title='bbox 1618 3808 1699 3870; x_wconf 79' lang='lat' dir='ltr'><em>ab</em></span> <span class='ocrx_word' id='word_1_286' title='bbox 1739 3831 1886 3891; x_wconf 82' lang='lat' dir='ltr'><em>rege</em></span> <span class='ocrx_word' id='word_1_287' title='bbox 1908 3810 2219 3871; x_wconf 79' lang='lat' dir='ltr'><em>Antiocho</em></span> <span class='ocrx_word' id='word_1_288' title='bbox 2248 3828 2360 3888; x_wconf 85' lang='lat' dir='ltr'><em>est,</em></span> <span class='ocrx_word' id='word_1_289' title='bbox 2391 3819 2610 3901; x_wconf 85' lang='lat' dir='ltr'><em>quique</em></span> 
     </span>
     <span class='ocr_line' id='line_1_34' title="bbox 402 3904 2605 3994; baseline 0.001 -23"><span class='ocrx_word' id='word_1_290' title='bbox 402 3909 515 3971; x_wconf 82' lang='lat' dir='ltr'><em>sub</em></span> <span class='ocrx_word' id='word_1_291' title='bbox 541 3910 676 3992; x_wconf 77' lang='lat' dir='ltr'><em>ejus</em></span> <span class='ocrx_word' id='word_1_292' title='bbox 702 3914 959 3989; x_wconf 88' lang='lat' dir='ltr'><em>imperio</em></span> <span class='ocrx_word' id='word_1_293' title='bbox 969 3910 1251 3991; x_wconf 84' lang='lat' dir='ltr'><em>suerunt,</em></span> <span class='ocrx_word' id='word_1_294' title='bbox 1282 3911 1442 3994; x_wconf 83' lang='lat' dir='ltr'><em>quod</em></span> <span class='ocrx_word' id='word_1_295' title='bbox 1461 3904 1597 3990; x_wconf 82' lang='lat' dir='ltr'><em>ejus</em></span> <span class='ocrx_word' id='word_1_296' title='bbox 1626 3914 1690 3968; x_wconf 85' lang='lat' dir='ltr'><em>in</em></span> <span class='ocrx_word' id='word_1_297' title='bbox 1714 3910 2031 3989; x_wconf 84' lang='lat' dir='ltr'><em>publicum</em></span> <span class='ocrx_word' id='word_1_298' title='bbox 2062 3911 2316 3971; x_wconf 80' lang='lat' dir='ltr'><em>relatum</em></span> <span class='ocrx_word' id='word_1_299' title='bbox 2344 3934 2464 3974; x_wconf 85' lang='lat' dir='ltr'><em>non</em></span> <span class='ocrx_word' id='word_1_300' title='bbox 2490 3928 2605 3985; x_wconf 90' lang='lat' dir='ltr'><em>est,</em></span> 
     </span>
     <span class='ocr_line' id='line_1_35' title="bbox 404 4005 2608 4089; baseline 0.001 -23"><span class='ocrx_word' id='word_1_301' title='bbox 404 4011 495 4066; x_wconf 83' lang='lat' dir='ltr'><em>uti</em></span> <span class='ocrx_word' id='word_1_302' title='bbox 532 4007 610 4065; x_wconf 86' lang='lat' dir='ltr'><em>de</em></span> <span class='ocrx_word' id='word_1_303' title='bbox 650 4026 726 4065; x_wconf 89' lang='lat' dir='ltr'><em>ea</em></span> <span class='ocrx_word' id='word_1_304' title='bbox 766 4027 833 4066; x_wconf 88' lang='lat' dir='ltr'><em>re</em></span> <span class='ocrx_word' id='word_1_305' title='bbox 873 4007 1016 4067; x_wconf 88' lang='lat' dir='ltr'><em>Ser.</em></span> <span class='ocrx_word' id='word_1_306' title='bbox 1043 4005 1341 4084; x_wconf 82' lang='lat' dir='ltr'><em>Sulpicius</em></span> <span class='ocrx_word' id='word_1_307' title='bbox 1365 4020 1601 4083; x_wconf 64' lang='lat' dir='ltr'><em>praetor</em></span> <span class='ocrx_word' id='word_1_308' title='bbox 1627 4006 1893 4068; x_wconf 72' lang='lat' dir='ltr'><em>urbanus</em></span> <span class='ocrx_word' id='word_1_309' title='bbox 1934 4008 2020 4066; x_wconf 85' lang='lat' dir='ltr'><em>ad</em></span> <span class='ocrx_word' id='word_1_310' title='bbox 2058 4023 2333 4067; x_wconf 84' lang='lat' dir='ltr'><em>senatum</em></span> <span class='ocrx_word' id='word_1_311' title='bbox 2359 4011 2608 4089; x_wconf 74' lang='lat' dir='ltr'><em>reserat,</em></span> 
     </span>
     <span class='ocr_line' id='line_1_36' title="bbox 401 4100 2612 4188; baseline 0.001 -25"><span class='ocrx_word' id='word_1_312' title='bbox 401 4124 583 4188; x_wconf 85' lang='lat' dir='ltr'><em>quem</em></span> <span class='ocrx_word' id='word_1_313' title='bbox 607 4123 750 4162; x_wconf 88' lang='lat' dir='ltr'><em>eam</em></span> <span class='ocrx_word' id='word_1_314' title='bbox 779 4123 913 4162; x_wconf 87' lang='lat' dir='ltr'><em>rem</em></span> <span class='ocrx_word' id='word_1_315' title='bbox 940 4100 1092 4160; x_wconf 85' lang='lat' dir='ltr'><em>velit</em></span> <span class='ocrx_word' id='word_1_316' title='bbox 1118 4114 1362 4161; x_wconf 84' lang='lat' dir='ltr'><em>senatus</em></span> <span class='ocrx_word' id='word_1_317' title='bbox 1396 4121 1676 4185; x_wconf 82' lang='lat' dir='ltr'><em>quoerere</em></span> <span class='ocrx_word' id='word_1_318' title='bbox 1715 4104 1793 4161; x_wconf 86' lang='lat' dir='ltr'><em>de</em></span> <span class='ocrx_word' id='word_1_319' title='bbox 1832 4106 1937 4172; x_wconf 85' lang='lat' dir='ltr'><em>iis,</em></span> <span class='ocrx_word' id='word_1_320' title='bbox 1977 4107 2083 4187; x_wconf 82' lang='lat' dir='ltr'><em>qui</em></span> <span class='ocrx_word' id='word_1_321' title='bbox 2111 4118 2419 4180; x_wconf 69' lang='lat' dir='ltr'><em>praetores</em></span> <span class='ocrx_word' id='word_1_322' title='bbox 2455 4125 2612 4165; x_wconf 86' lang='lat' dir='ltr'><em>nunc</em></span> 
     </span>
     <span class='ocr_line' id='line_1_37' title="bbox 397 4198 2614 4287; baseline 0.001 -24"><span class='ocrx_word' id='word_1_323' title='bbox 397 4220 551 4266; x_wconf 83' lang='lat' dir='ltr'><em>sunt.</em></span> <span class='ocrx_word' id='word_1_324' title='bbox 604 4206 690 4267; x_wconf 82' lang='lat' dir='ltr'><em>M.</em></span> <span class='ocrx_word' id='word_1_325' title='bbox 729 4204 886 4268; x_wconf 87' lang='lat' dir='ltr'><em>Cato</em></span> <span class='ocrx_word' id='word_1_326' title='bbox 927 4201 1116 4265; x_wconf 85' lang='lat' dir='ltr'><em>suasit</em></span> <span class='ocrx_word' id='word_1_327' title='bbox 1159 4202 1545 4280; x_wconf 81' lang='lat' dir='ltr'><em>rogationem</em></span> <span class='ocrx_word' id='word_1_328' title='bbox 1583 4199 1787 4287; x_wconf 73' lang='lat' dir='ltr'><em>(extat</em></span> <span class='ocrx_word' id='word_1_329' title='bbox 1826 4209 2022 4263; x_wconf 81' lang='lat' dir='ltr'><em>oratio</em></span> <span class='ocrx_word' id='word_1_330' title='bbox 2065 4198 2201 4285; x_wconf 80' lang='lat' dir='ltr'><em>ejus</em></span> <span class='ocrx_word' id='word_1_331' title='bbox 2245 4205 2322 4264; x_wconf 85' lang='lat' dir='ltr'><em>de</em></span> <span class='ocrx_word' id='word_1_332' title='bbox 2356 4211 2614 4285; x_wconf 81' lang='lat' dir='ltr'><em>pecunia</em></span> 
     </span>
     <span class='ocr_line' id='line_1_38' title="bbox 400 4299 2613 4386; baseline 0.001 -25"><span class='ocrx_word' id='word_1_333' title='bbox 400 4308 572 4382; x_wconf 80' lang='lat' dir='ltr'><em>regis</em></span> <span class='ocrx_word' id='word_1_334' title='bbox 597 4300 925 4386; x_wconf 72' lang='lat' dir='ltr'><em>Antiochi)</em></span> <span class='ocrx_word' id='word_1_335' title='bbox 966 4313 1030 4362; x_wconf 91' lang='lat' dir='ltr'><em>et</em></span> <span class='ocrx_word' id='word_1_336' title='bbox 1072 4299 1393 4363; x_wconf 80' lang='lat' dir='ltr'><em>Mummios</em></span> <span class='ocrx_word' id='word_1_337' title='bbox 1431 4300 1716 4363; x_wconf 83' lang='lat' dir='ltr'><em>tribunos</em></span> <span class='ocrx_word' id='word_1_338' title='bbox 1744 4301 2119 4365; x_wconf 81' lang='lat' dir='ltr'><em>auctoritate</em></span> <span class='ocrx_word' id='word_1_339' title='bbox 2148 4303 2485 4381; x_wconf 84' lang='lat' dir='ltr'><em>deterruit,</em></span> <span class='ocrx_word' id='word_1_340' title='bbox 2535 4326 2613 4365; x_wconf 86' lang='lat' dir='ltr'><em>ne</em></span> 
     </span>
    </p>
   </div>
  </div>
 </body>
</html>
