3367 5417
1794 487 1937 560 270

760 631 1154 705 consignatos
1181 624 1420 709 reliquit
1441 623 1473 682 2
1502 625 1684 705 Quod
1706 628 1832 682 nisi
1855 621 2151 702 puberem
2176 634 2260 693 te,
2287 616 2673 701 inquit,jam
2704 617 2978 692 haberet,

757 738 1039 807 quartum
1066 722 1298 781 librum
1325 725 1787 800 composuisset,
1810 735 1869 779 et
1890 740 1960 780 se
1979 719 2169 778 etiam
2191 720 2253 775 in
2276 715 2510 776 balneis
2531 716 2805 775 locutum
2825 738 2979 777 cum

737 819 884 900 filio
909 823 1197 898 scriptum
1225 818 1589 903 reliquisset.
1626 817 1785 900 Quis
1818 828 1912 878 est
1950 812 2168 895 igitur,
2208 813 2314 895 qui
2353 833 2483 876 uon
2520 813 2810 890 fateatur,
2850 814 2976 875 hoc

758 916 972 998 lepore
998 928 1183 997 atque
1212 912 1313 977 his
1338 912 1583 978 facetiis
1602 935 1730 977 non
1757 914 1960 978 minus
1990 912 2325 975 refutatum
2347 930 2478 973 esse
2499 913 2755 972 Brutum
2779 930 2967 991 quam

754 1014 882 1075 iuis
912 1014 1250 1092 tragoediis,
1287 1033 1437 1095 quas
1466 1013 1594 1092 egit
1621 1013 1812 1087 idem,
1843 1033 1986 1074 cum
2017 1032 2165 1076 casu
2190 1012 2259 1073 in
2287 1010 2502 1073 eadem
2531 1028 2719 1071 causa
2741 1010 2955 1071 funere

755 1110 1084 1173 efferretur
1123 1130 1277 1173 anus
1313 1111 1526 1188 sunia,
1557 1131 1702 1173 cum
1741 1108 2045 1191 conjectis
2081 1107 2299 1182 oculiS,
2339 1120 2515 1187 gestu
2552 1108 2726 1171 omni
2762 1103 2963 1169 immi·

758 1210 961 1285 nenti,
976 1227 1214 1271 summa
1229 1209 1542 1288 gravitate
1558 1223 1621 1271 et
1640 1209 1959 1271 celeritate
1971 1207 2341 1270 verborum:
2361 1207 2568 1276 Brute,
2582 1206 2736 1289 quid
2746 1207 2923 1266 sedes
2937 1204 2971 1263 Ρ

755 1311 903 1394 quid
914 1310 1087 1370 illam
1104 1332 1295 1369 anum
1306 1316 1476 1389 patri
1492 1315 1769 1371 nuntiare
1790 1315 1892 1370 vis
1912 1326 2012 1371 tuo
2026 1310 2060 1370 2
2074 1310 2227 1394 qaid
2243 1309 2365 1367 illis
2383 1310 2692 1382 omnibus,
2711 1328 2972 1391 quorum

756 1415 1060 1494 imagines
1101 1412 1239 1471 daei
1277 1412 1456 1472 vides
1477 1409 1511 1469 P
1544 1412 1697 1496 qaid
1729 1406 2077 1493 majoribus
2114 1414 2231 1469 tuis
2252 1406 2286 1466 P
2326 1409 2481 1493 quid
2510 1408 2588 1468 L.
2617 1410 2836 1477 Bruto,
2871 1413 2975 1492 qui

755 1510 911 1570 hunc
933 1512 1232 1589 populum
1259 1514 1577 1573 dominatu
1614 1516 1793 1593 regio
1821 1511 2093 1573 liberavit
2113 1508 2147 1569 Ρ
2175 1510 2329 1595 quid
2350 1524 2410 1569 te
2418 1511 2673 1590 jacere,
2714 1512 2818 1568 cui
2847 1513 2966 1583 rei,

756 1614 860 1669 cui
881 1609 1125 1689 gloriae,
1147 1614 1249 1669 citi
1276 1614 1487 1670 virtuti
1511 1611 1753 1671 studere
1768 1608 1802 1668 ?
1823 1610 2296 1670 Patrimonione
2320 1607 2593 1686 augendo
2616 1605 2648 1664 2
2671 1620 2735 1665 at
2760 1607 2830 1664 id
2849 1627 2971 1666 non

754 1727 851 1771 est
875 1709 1233 1772 nobilitatis.
1262 1711 1393 1772 Sed
1404 1712 1530 1792 fac
1563 1731 1725 1786 esse,
1756 1709 1921 1772 nihil
1957 1725 2231 1789 superest
2242 1737 2276 1787 ,·
2306 1709 2596 1770 libidines
2621 1721 2814 1768 totum
2839 1709 2971 1768 dis-

753 1811 1114 1887 sipaverunt.
1145 1808 1252 1869 An
1268 1803 1410 1891 juri
1432 1806 1658 1870 civili?
1681 1822 1778 1869 est
1797 1823 2148 1888 paternum.
2183 1808 2314 1867 Sed
2334 1808 2519 1880 dicet,
2540 1823 2621 1882 te,
2643 1826 2783 1864 cum
2806 1806 2972 1866 oedes

753 1906 1080 1975 venderes,
1109 1925 1188 1965 ne
1214 1909 1282 1964 in
1310 1909 1463 1966 rutis
1489 1905 1737 1989 quidem
1764 1920 1825 1966 et
1852 1910 2039 1967 caesis
2066 1905 2293 1966 solium
2318 1903 2433 1964 tibi
2452 1918 2781 1985 paternum
2804 1923 2971 1962 rece·

748 2009 935 2083 pisse.
970 2006 1080 2065 An
1106 2011 1202 2065 rei
1231 2003 1546 2066 militari?
1588 2010 1700 2090 qui
1723 2028 2037 2092 nunquam
2065 2021 2270 2067 castra
2293 2005 2573 2066 videtis!
2590 2027 2672 2064 an
2693 2005 2970 2090 eloquen-

754 2110 857 2167 tia·
876 2105 910 2164 Ρ
938 2128 1077 2191 quae
1103 2107 1275 2166 nulla
1299 2121 1392 2167 est
1421 2111 1487 2165 in
1514 2121 1574 2167 te
1586 2133 1616 2183 ,·
1653 2122 1716 2167 et
1752 2109 2051 2194 quidquid
2075 2123 2169 2170 est
2195 2112 2372 2168 vocis
2396 2128 2474 2168 ac
2501 2108 2758 2187 linguae,
2790 2127 2968 2166 omne

755 2207 821 2263 in
861 2209 1052 2264 istum
1090 2209 1506 2283 turpissimum
1545 2205 1870 2267 calumniae
1908 2222 2215 2292 quaestum
2255 2206 2579 2267 comulistt.
2624 2205 2721 2265 Tu
2762 2207 2969 2265 lucem

563 2304 696 2377 156
746 2305 1029 2381 aspicere
1051 2302 1285 2362 audes?
1309 2318 1373 2362 tu
1399 2302 1509 2363 hos
1539 2307 1764 2363 intueri
1788 2302 1820 2361 Ρ
1848 2317 1912 2362 tu
1936 2308 2000 2362 in
2009 2306 2196 2384 foro,
2214 2309 2373 2363 tuin
2393 2304 2564 2377 urbe,
2583 2318 2646 2362 tu
2664 2308 2731 2362 in
2752 2308 2968 2363 civium

752 2419 892 2460 esse
917 2415 1245 2478 conspectu
1264 2397 1298 2457 Ρ
1319 2414 1382 2460 tu
1403 2400 1580 2460 illam
1610 2415 1939 2473 monitam,
1962 2416 2025 2461 tu
2049 2406 2363 2482 imagines
2386 2407 2554 2480 ipsas
2574 2421 2697 2461 non
2721 2400 2968 2479 perhor-

752 2503 950 2562 rescis
967 2498 1002 2559 ἕ)
1019 2500 1237 2587 quibus
1254 2521 1380 2562 non
1409 2502 1595 2562 modo
1614 2503 1951 2576 imitandis,
1976 2504 2089 2562 sed
2110 2524 2187 2564 tte
2208 2503 2577 2566 collocandis
2594 2504 2841 2586 quidem
2858 2502 2971 2563 tibi

752 2596 944 2658 uuum
984 2597 1195 2658 Iocum
1222 2596 1570 2682 reliquisti!
1595 2629 1686 2645 --
1727 2595 1907 2662 Cous.
1944 2597 2080 2663 Cic.
2117 2600 2234 2661 Or.
2285 2619 2398 2681 pro
2428 2598 2675 2662 Cluent.
2734 2619 2792 2661 c.
2851 2600 2961 2673 51,

766 2697 886 2760 140
923 2723 941 2778 ς
974 2696 1245 2782 Quintil.
1264 2702 1382 2774 vl,
1407 2699 1472 2774 3,
1497 2698 1603 2761 44.

820 2860 1147 2913 contraria...
1188 2859 1405 2933 capita]
1442 2861 1556 2915 Cur
1582 2863 1638 2914 in
1663 2862 1902 2914 oratione
1928 2861 1993 2914 de
2019 2861 2223 2915 colonia
2252 2863 2586 2916 Narbonensi
2611 2876 2665 2916 et
2692 2862 2809 2932 lege
2834 2862 2959 2916 Ser·

892 2942 1021 2995 vilia
1050 2946 1313 2996 contraria
1341 2945 1482 2997 inter
1518 2965 1574 2999 so
1603 2945 1775 3017 posita
1803 2946 2024 3010 fuerint,
2061 2964 2126 2998 ex
2160 2946 2275 2998 Cic.
2320 2948 2416 2999 Or.
2454 2967 2510 3018 p.
2546 2945 2768 3000 Cluent.
2807 2966 2857 2999 c.
2898 2947 2955 2997 51

888 3023 1024 3078 disci
1063 3038 1238 3096 potest
1270 3047 1285 3079 2
1316 3049 1341 3076 ιι
1365 3029 1427 3080 ln
1450 3027 1783 3080 dissuasione
1823 3029 2109 3101 rogationis
2136 3026 2275 3100 ejus,
2320 3048 2440 3100 quae
2474 3042 2658 3083 contra
2705 3029 2966 3082 colonium

890 3111 1291 3165 Narbonensem
1317 3113 1588 3168 terebatur
1634 3116 1700 3182 (a
1725 3116 1968 3180 senatu),
2004 3127 2266 3185 quantum
2300 3128 2496 3187 potest,
2541 3115 2609 3170 de
2649 3117 2964 3169 auctoritate

893 3212 1112 3252 senatus
1151 3199 1384 3254 detrahit
1429 3223 1444 3253 ε
1484 3201 1540 3255 in
1585 3203 1835 3256 suasione
1874 3200 2010 3274 legis
2055 3202 2294 3256 Servilia
2342 3206 2475 3274 (qua
2513 3205 2571 3258 in
2611 3217 2851 3259 senatum
2894 3205 2965 3258 ab

888 3288 1126 3356 equestri
1149 3286 1335 3340 ordine
1365 3286 1572 3359 judicia
1614 3289 2098 3360 transferebantur)
2126 3292 2349 3343 summis
2386 3304 2542 3344 ornat
2569 3304 2816 3345 senatum
2844 3291 2963 3345 lau-

890 3367 1070 3421 dibus.
1099 3390 1125 3418 ι)
1155 3368 1218 3421 ln
1258 3369 1424 3422 altera
1468 3389 1592 3443 ergo
1623 3372 1863 3438 oratione
1904 3384 2089 3425 contra
2126 3384 2371 3426 senatum
2401 3374 2529 3447 egit,
2569 3375 2630 3428 in
2674 3375 2840 3428 altera
2869 3394 2965 3448 pro

888 3467 1095 3509 senatu.

1472 3680 1574 3742 11.
1607 3699 1834 3744 oss-no
1859 3701 1977 3745 rso
2004 3701 2235 3746 risone.

826 3897 964 3962 Cic.
998 3898 1094 3959 De
1121 3913 1281 3961 orat.
1320 3901 1409 3976 11,
1453 3901 1555 3975 70,
1606 3901 1775 3964 285:
1823 3899 1956 3964 Hoc
1998 3919 2154 3965 vero
2203 3904 2411 3967 Crassi
2463 3902 2618 3965 nihil
2676 3903 2957 3968 facetius.

743 3999 900 4063 Cum
923 3999 1178 4062 laesisset
1212 4003 1390 4066 testis
1412 4002 1575 4066 Silus
1600 4000 1916 4079 Pisonem,
1952 4005 2116 4086 quod
2143 4024 2212 4067 se
2240 4006 2309 4067 in
2337 4025 2477 4067 eum
2506 4006 2748 4071 audisse
2776 4004 2960 4069 dixis-

741 4114 871 4164 σεῖε
895 4100 1108 4163 Potest
1120 4103 1299 4184 fieri,
1326 4104 1553 4187 inquit,
1589 4105 1746 4179 Sile,
1777 4119 1841 4165 ut
1874 4109 1951 4181 is,
1994 4107 2154 4166 unde
2178 4121 2238 4167 te
2263 4109 2511 4169 audisse
2538 4109 2726 4183 dicis,
2774 4113 2961 4166 imtus

743 4198 1001 4257 dixerit.
1044 4198 1285 4262 Annuit
1314 4199 1503 4264 Silus.
1531 4203 1747 4263 Potest
1770 4208 1992 4278 etiam,
2026 4218 2088 4263 ut
2110 4218 2172 4263 tu
2212 4225 2332 4265 non
2362 4219 2528 4265 recte
2550 4206 2952 4277 intellexeris,

741 4293 813 4355 ld
843 4310 1084 4372 quoque
1111 4306 1240 4357 toto
1285 4299 1489 4377 capite
1517 4300 1762 4373 annuit,
1802 4312 1873 4361 ut
1919 4322 1985 4363 so
2012 4301 2233 4364 Crasso
2265 4301 2464 4364 daret.
2514 4303 2727 4364 Potest
2771 4306 2957 4361 etiam
