3367 5417
1478 491 1620 568 293

532 635 1198 712 ‹xaaouupsstmcnjectt
1184 623 1290 691 ram
1332 657 1497 693 meam
1539 640 2217 695 VVeichertumDeCavol
2186 643 2412 738 οΡ...92
2454 643 2586 709 [Sed

532 723 580 773 fi
555 734 885 793 tegmentum
924 733 1008 775 est
1044 739 1109 775 ex
1149 721 1275 775 xv1
1309 722 1414 776 libi
1405 742 1448 776 0
1472 724 1774 779 Annalium
1813 725 2010 778 Macri:
2085 725 2219 777 ‚Pri
2205 724 2389 779 nscian.
2420 723 2498 789 X,
2533 730 2585 790 6,

531 821 590 876 p.
613 805 735 857 496.
768 799 1041 858 Wesaerm.
1061 819 1114 876 Ρ.
1136 807 1261 859 229.
1299 806 1402 878 ΑΡ.
1423 806 1529 861 Dio
1533 807 1735 861 medem
1766 823 1915 877 mque
1945 811 2004 858 30
2036 806 2200 860 Prisc.
2231 818 2369 860 recte
2397 806 2446 860 10
2417 808 2500 880 eig
2482 819 2590 860 ιιιιι·

539 892 862 965 nostem]

476 1014 702 1080 Oratio
723 1014 805 1075 G.
835 1016 1066 1092 Macri,
1100 1013 1339 1079 tribum
1380 1015 1466 1100 pl.
1495 1035 1554 1080 a.
1581 1017 1662 1086 U·
1694 1017 1817 1082 679
1847 1011 2018 1081 iuter
2048 1017 2395 1096 fragmenta
2429 1019 2590 1080 Hist.

391 1107 667 1176 Sallustii
685 1111 802 1186 111,
825 1131 887 1193 Ρ.
919 1113 1065 1190 967,
1094 1113 1434 1176 invenitur.
1472 1107 1577 1203 [lu
1598 1113 1893 1178 Sallustio
1911 1111 2175 1178 Collect-
2186 1109 2590 1177 Panckouck.

396 1236 460 1300 Ρ.
500 1215 653 1278 292-
631 1210 839 1304 -.295]
875 1215 1272 1279 Weichertl.
1307 1216 1352 1278 1.
1386 1237 1451 1302 Ρ.
1476 1217 1623 1298 103,
1664 1216 1740 1283 C.
1774 1218 2089 1304 Macrum,
2134 1215 2498 1280 historicum
2537 1230 2599 1277 et

397 1325 733 1382 oratorem,
778 1309 1094 1377 neminem
1135 1309 1326 1378 alium
1365 1334 1499 1377 0330
1539 1310 1913 1389 arbitratur,
1956 1334 2138 1399 quam
2177 1315 2379 1378 virum
2423 1311 2596 1378 illum

399 1411 791 1494 praetorium,
845 1429 1028 1493 quem
1075 1409 1338 1485 Cicera,
1389 1423 1619 1496 praetor
1668 1431 1732 1478 a.
1783 1414 1865 1481 U
1921 1412 2069 1483 687,
2118 1412 2597 1494 repetundarum

399 1506 844 1589 postulaverit,
888 1519 1145 1571 auctore
1180 1508 1519 1572 Plutarcho
1555 1505 1766 1571 Cicer.
1798 1526 1855 1570 0.
1894 1508 1978 1585 9;
2028 1519 2216 1590 atque
2253 1506 2557 1589 judicium
2574 1555 2594 1581 ,

397 1607 561 1685 quod
599 1605 823 1668 Cicero
873 1605 1139 1666 tum-de
1181 1606 1439 1681 Macro,
1497 1616 1640 1667 tum-
1684 1605 1765 1668 de
1814 1600 1947 1666 filio
2000 1603 2172 1686 ejus,
2227 1605 2303 1669 C.
2357 1605 2600 1668 Licinio

399 1701 591 1767 Calvo
611 1750 627 1778 ,
664 1702 733 1763 in
764 1704 959 1764 Bruto
989 1719 1103 1770 suo
1140 1699 1384 1777 tulerit,
1426 1698 1832 1784 cupiditatem
1869 1703 2178 1782 quandam
2218 1713 2284 1763 et
2320 1699 2599 1764 animum

398 1802 744 1866 subiratum
773 1803 1062 1885 prodere,
1096 1801 1238 1883 quia
1269 1804 1584 1865 accusatio
1619 1802 1727 1865 illa
1745 1799 2089 1874 Ciceronis,
2124 1821 2264 1864 cum
2304 1820 2602 1886 prospero

401 1917 653 1967 careret
680 1917 936 1978 eventu,
968 1916 1033 1965 et
1060 1923 1246 1967 causa
1274 1904 1485 1967 luisset
1522 1920 1588 1967 et
1628 1904 1765 1967 sons
1791 1901 2122 1967 simultatis
2152 1907 2603 1996 multarumque

397 2001 898 2079 inimicitiarum,
930 2023 1083 2086 quas
1124 2004 1206 2068 ab
1246 2025 1323 2068 00
1361 2006 1510 2068 iude
1552 2017 1833 2090 tempore
1872 2023 2013 2070 cnm
2056 2003 2213 2077 flio,
2262 2004 2601 2082 clarissimo

392 2117 650 2169 oratore
687 2104 1076 2169 excercebatss

1050 2307 1215 2376 LXI
1225 2307 1280 2376 1
1337 2304 1477 2376 Cn.
1514 2302 1930 2450 Dolabella.

494 2510 747 2575 Suetou.
773 2514 925 2575 Goes.
957 2532 1016 2574 0.
1042 2511 1162 2577 49·
1196 2514 1502 2575 Praetereo
1525 2509 1860 2574 Dolabeuoe
1888 2525 1952 2574 et
1967 2509 2260 2576 Curionis
2284 2512 2588 2587 actiones,

390 2613 462 2675 iu
496 2613 718 2694 quihus
745 2627 882 2674 eum
909 2612 1233 2676 Dolabella
1266 2612 1551 2692 pelltcem
1597 2615 1860 2691 reginae,
1905 2614 2200 2692 spondam
2245 2618 2603 2674 interiorem

394 2730 603 2792 regne
632 2710 867 2770 lectica.»
897 2710 1070 2772 dicit.

482 2846 586 2900 Cn.
609 2845 917 2912 Dolabella]
937 2845 1039 2897 Cn.
1061 2843 1413 2909 Dolabellam,
1451 2844 1783 2902 cousulema
1755 2865 1804 2898 3.
1828 2845 1928 2900 672
1954 2844 2200 2918 intelligo
2208 2886 2220 2907 ‚
2249 2861 2405 2916 quem
2434 2841 2578 2898 (13333
2524 2863 2578 2895 33

549 2928 979 2983 adolescentulus
1003 2928 1410 3000 repetundarum
1432 2927 1725 3001 postulavit
1748 2947 1800 2983 3.
1822 2929 1945 3000 676,
1973 2940 2034 2981 ut
2057 2928 2241 3000 paullo
2265 2940 2387 3006 post
2404 2925 2603 2980 videbi·

545 3032 686 3066 mus.
701 3013 995 3076 ‘Liberatus
1009 3027 1090 3066 est
1099 3010 1304 3084 judicio
1320 3014 1613 3085 pau-ticinio
1630 3013 1904 3067 Hortensii
1929 3021 1985 3066 et
2005 3009 2190 3066 Cottoe.
2218 3009 2389 3065 Filius
2405 3010 2524 3085 ejus
2543 3013 2603 3063 P.

551 3097 714 3151 Corn.
738 3096 1034 3161 Dolabella,
1053 3096 1177 3150 Cos.
1199 3116 1247 3149 3.
1267 3097 1394 3162 wo,
1409 3114 1576 3167 gener
1589 3096 2017 3151 suit-Ciceronis.

969 3289 1234 3365 Lxlll.
1293 3289 1379 3361 C.
1415 3288 1815 3362 Memmius
1852 3288 1933 3359 1..
1971 3287 2048 3360 F.
2675 3275 2798 3347 177

491 3493 718 3554 Lucius
734 3491 1081 3567 Memmius,
1112 3503 1314 3572 pater,
1349 3491 1421 3553 in
1455 3492 1655 3553 Bruto
1683 3500 2062 3554 memoratur
2090 3509 2145 3552 0.
2181 3483 2282 3552 36.
2323 3486 2395 3551 C.
2426 3483 2613 3550 Mem·

393 3591 588 3665 mins,
611 3591 689 3652 de
715 3610 834 3675 quo
863 3601 1052 3670 supra
1077 3589 1310 3651 dictum
1338 3600 1454 3662 est,
1480 3585 1835 3651 avuuc'u'lus‘
1850 3585 1990 3648 fuit.

498 3687 631 3749 Cic.
654 3687 828 3748 Brut.
855 3706 916 3749 0.
936 3685 1040 3762 70,
1065 3685 1212 3747 2172
1235 3682 1309 3748 C.
1335 3685 1655 3747 Memmius
1677 3683 1748 3748 L.
1774 3681 1871 3759 F„
1893 3682 2205 3767 perfectus
2227 3681 2452 3757 literis,
2502 3684 2612 3744 sed

393 3785 676 3861 Graecis,
708 3786 1056 3850 fastidiosus
1105 3805 1256 3848 sane
1281 3783 1643 3848 Latinarum
1662 3831 1678 3860 ,
1729 3798 1982 3863 argutus
2025 3793 2238 3846 orator
2286 3775 2616 3862 vei-bisque

387 3881 630 3959 dulcis,
661 3887 768 3947 sed
809 3885 1054 3966 fugiens
1098 3906 1224 3950 non
1263 3885 1443 3948 modo
1483 3880 1761 3960 dicendi,
1798 3903 2013 3950 verum
2052 3883 2243 3958 etiam
2286 3881 2604 3962 cogitandi

385 3981 708 4057 laborem,
743 3993 981 4045 tantum
1021 3981 1138 4046 sibi
1181 3983 1256 4044 de
1297 3980 1592 4044 facultate
1632 3979 1928 4057 detraxit,
1964 3991 2263 4061 quantum
2289 3976 2615 4040 imminuit

384 4075 758 4144 industriae.

495 4180 756 4242 Servius
787 4179 864 4240 ad
885 4175 1064 4259 Virg-
1091 4181 1230 4240 AEn.
1255 4179 1307 4255 1,
1346 4175 1451 4241 161
1481 4205 1497 4238 =
1529 4177 1600 4241 C.
1626 4174 1953 4240 Memmius
1975 4177 2053 4235 de¹
2077 4175 2385 4256 triumpho
2409 4173 2619 4234 Lucul-

382 4278 584 4338 le’ano
617 4276 767 4340 1111
787 4301 807 4333 .·
841 4277 1036 4358 Inque
1063 4275 1574 4336 luxuriosissimts
1603 4274 1781 4333 Asia·
1811 4273 2044 4352 oppidis
2071 4273 2446 4333 consedisse.
