3367 5417
1396 439 1480 508 81

362 573 626 656 primum
664 571 817 650 orti,
862 572 1232 642 documenta
1271 576 1615 639 continent.
1669 574 1873 638 Etiam
1900 594 2082 657 quam
2116 576 2534 664 Quintilianus

356 673 406 745 Ι,
435 675 498 747 6,
524 673 631 747 29,
661 673 741 738 ab
779 694 855 741 eo
881 675 1186 759 prolatam
1212 675 1393 739 affert
1421 676 1896 760 explicationem
1922 677 2094 741 vocis
2103 678 2316 758 flagi,
2359 691 2530 740 vetu-

350 780 589 832 starum
606 787 827 834 vocum
848 774 1171 854 quamdam
1192 770 1662 836 admirationem
1689 773 1978 837 ostendit.
2007 772 2182 846 Conf.
2208 774 2245 854 S
2274 772 2378 853 42,
2413 795 2534 855 quo

360 868 497 932 loco
515 869 909 952 Spalding-ius
934 891 1262 956 perperam
1292 871 1550 944 Coelium
1575 867 1973 955 Antipatrum
1995 874 2166 942 iuter
2188 874 2390 936 media
2414 874 2536 936 elo·

355 969 671 1048 quentium
694 972 974 1054 exempla
992 965 1257 1055 positum
1276 972 1429 1034 vult.
1461 974 1592 1035 Hoc
1612 971 1824 1046 nimia,
1857 983 1930 1033 ut
1953 972 2152 1034 solent
2170 969 2243 1049 ii,
2268 973 2374 1054 qui
2399 992 2533 1035 rem

357 1063 435 1126 ab
475 1076 737 1148 utraque
777 1079 958 1150 parte
995 1068 1331 1131 defendunt
1347 1116 1365 1144 ‚
1412 1070 1699 1151 cupidine
1748 1069 1839 1130 ita
1883 1070 2272 1152 persequitur
2317 1082 2535 1133 auctor

354 1160 521 1223 Dial.
562 1163 639 1222 de
671 1176 860 1226 oratt.
897 1183 958 1228 c.
988 1164 1091 1240 18,
1124 1177 1192 1225 ut
1225 1166 1490 1232 Galbam
1528 1179 1592 1227 et
1621 1165 1975 1229 Carbonem
2001 1167 2309 1232 imitatum
2337 1166 2538 1248 videri

348 1258 541 1333 dicat,
575 1271 724 1327 etc.
752 1260 824 1321 21
858 1262 1134 1326 hiantem
1152 1263 1335 1327 Coelii
1366 1263 1895 1344 compositionem,
1930 1265 2143 1327 sordes
2171 1263 2546 1337 verborum„

353 1371 419 1420 et
446 1359 568 1421 alia
603 1358 733 1441 ejus
768 1364 933 1425 modi
968 1366 1400 1447 reprehendat.
1444 1364 1675 1427 verum
1710 1383 1772 1426 c.
1798 1365 1905 1437 25,
1952 1366 2265 1428 Secundus
2304 1366 2536 1448 aequius

346 1456 673 1540 judicium,
705 1471 775 1519 ut
789 1460 1024 1523 Plinius
1050 1476 1115 1524 et
1131 1463 1574 1545 Quintilianus,
1604 1460 1936 1542 amplexus,
1963 1463 2374 1539 granditatem
2385 1483 2535 1526 con—

356 1554 671 1630 siliorum,
722 1556 1091 1637 dignumque
1114 1559 1364 1620 homine
1391 1557 1591 1619 libero
1618 1553 1683 1618 e't
1709 1552 1999 1638 principe
2026 1554 2301 1620 civitatis
2327 1559 2535 1622 futuro

356 1650 607 1715 dicendi
635 1672 830 1732 genus
851 1649 1031 1733 justis
1058 1651 1340 1715 laudibus
1368 1649 1555 1714 tollit.
1586 1649 2009 1733 Quintilianus
2026 1652 2109 1724 X,
2140 1652 2202 1732 1,
2227 1654 2370 1730 115,
2392 1654 2545 1718 mul·

351 1763 487 1812 tum
515 1747 584 1811 in
613 1769 693 1812 eo
715 1744 954 1828 ingenii
984 1744 1188 1823 fuisse,
1211 1765 1611 1829 asperumque
1626 1743 1696 1808 in
1716 1743 1938 1830 primis
1965 1749 2308 1811 accusando
2334 1749 2545 1827 cogni-

357 1862 511 1920 tum,
545 1845 940 1928 dignumque,
966 1844 1066 1909 cui
1095 1858 1159 1907 et
1176 1845 1360 1907 'mens
1383 1842 1604 1908 melior
1631 1860 1697 1908 et
1722 1842 1858 1909 vita
1883 1842 2133 1930 longior
2159 1842 2540 1925 contigisset.

357 1944 539 2008 Cous.
562 1944 629 2018 2,
651 1944 758 2006 25.
792 1940 1032 2021 Dignus
1050 1937 1166 2002 fuit
1183 1937 1397 2019 igitur,
1420 1961 1500 2003 ex
1528 1960 1645 2021 quo
1671 1960 1882 2003 rerum
1907 1938 2321 2003 oratoriarum
2335 1962 2540 2004 exem·

352 2039 458 2124 pla
484 2035 896 2102 studiosorum
924 2034 1268 2100 imitatione
1310 2029 1377 2108 in
1418 2032 1638 2118 primis
1674 2035 1864 2116 digua
1888 2049 2308 2118 excerperet„
2331 2051 2401 2099 ut
2427 2040 2533 2114 IV,

353 2136 417 2212 2,
452 2134 597 2197 123.
632 2135 939 2217 Excerpta
966 2133 1097 2217 ejus
1122 2131 1243 2196 sibi
1274 2154 1312 2195 a
1336 2135 1649 2194 Frontone
1676 2130 1861 2194 missa
1888 2134 1971 2195 Μ.
1997 2131 2351 2196 Antoninus
2383 2133 2539 2198 scri·

355 2232 455 2297 bit
491 2255 554 2318 p.
594 2234 667 2298 21
709 2235 807 2297 ed.
839 2235 1020 2296 Rom.
1059 2234 1225 2316 3Post
1248 2234 1415 2295 hunc
1435 2228 1615 2295 Goelii
1643 2244 1934 2315 tanquam
1972 2254 2012 2295 a
2056 2230 2340 2296 studiosis
2386 2235 2535 2298 lecti

355 2329 589 2398 mentio
625 2350 754 2395 non
789 2327 1038 2392 videtur
1078 2327 1235 2392 fieri.
1288 2331 1447 2393 Nam
1486 2328 1678 2392 verba
1717 2331 1989 2411 quaedam
2027 2350 2109 2392 ex
2143 2329 2534 2395 orationibus

354 2432 773 2515 exemplorum
799 2426 1000 2496 instar
1025 2431 1237 2493 Festus
1259 2443 1324 2492 et
1349 2426 1710 2493 Priscianus
1730 2431 1984 2494 habent.
2017 2433 2073 2492 Α
2100 2428 2389 2494 doctrina
2410 2453 2539 2496 non

357 2545 485 2595 tam
508 2531 753 2597 videtur
780 2525 1175 2593 abhorruisse
1189 2577 1208 2606 ,
1252 2550 1433 2612 quam
1473 2530 1829 2594 turbulento
1867 2528 2121 2610 ingenio
2147 2528 2538 2614 moribusque

351 2649 573 2714 parum
620 2625 902 2713 probatis
955 2648 994 2690 a
1041 2625 1379 2692 studiorum
1423 2630 1756 2693 severitate
1805 2631 1884 2690 ad
1927 2628 2136 2690 luxum
2187 2640 2252 2690 et
2303 2628 2541 2711 flagitia

352 2724 644 2808 abreptus
667 2744 820 2787 esse.
858 2723 1056 2802 ¹Certe
1104 2742 1231 2787 non
1278 2720 1465 2787 alium
1503 2722 1750 2807 reperio
1798 2720 2058 2787 Coelium
2075 2766 2094 2796 ‚
2165 2724 2267 2786 cui
2304 2722 2538 2789 librum

355 2827 529 2895 suum
558 2826 655 2887 De
679 2819 1018 2906 geometria
1046 2821 1440 2906 inscripserit
1464 2826 1684 2887 Varro.
1724 2824 1847 2888 Sed
1872 2821 2070 2904 magis
2096 2822 2407 2890 ambitiosi
2446 2842 2542 2892 est

358 2941 543 3004 quam
570 2917 851 2985 discendi
879 2916 1121 3003 cupidi,
1155 2922 1311 3001 quod
1338 2918 1567 2985 librum
1596 2917 1858 3001 aliquem
1885 2916 2008 2983 sibi
2046 2940 2090 2982 a
2109 2918 2416 2986 Cicerone
2441 2921 2538 2987 in·

354 3023 548 3086 scribi
575 3023 707 3086 vult
732 3024 890 3105 Epp.
915 3023 993 3083 ad
1018 3020 1185 3083 divv.
1211 3022 1378 3096 vlu,
1409 3022 1471 3097 3,
1508 3022 1733 3104 quippe
1766 3035 1838 3083 ut
1870 3037 2202 3086 noscerent
2235 3021 2538 3101 homiues,

350 3136 587 3207 ,quanta
609 3143 733 3187 non
753 3124 950 3186 solum
972 3121 1391 3186 familiaritate
1412 3123 1518 3185 sed
1538 3119 1728 3186 etiam
1749 3119 2088 3185 studiorum
2109 3123 2541 3190 communione

353 3224 483 3308 ipse
504 3244 643 3288 cum
663 3226 1083 3287 Romanorum
1102 3221 1558 3301 elegantissimo
1573 3222 1825 3306 junctus
1843 3215 2026 3285 esse't.

445 3322 549 3386 62.
596 3324 842 3395 Restat,
890 3334 959 3383 ut
999 3322 1077 3383 de
1110 3318 1310 3384 causis
1349 3340 1716 3402 quoeramuS,
1765 3320 1984 3403 quibus
2021 3318 2340 3393 inclaruit,
2372 3335 2436 3385 et
2461 3324 2542 3388 de

356 3417 637 3500 reliquiis
651 3418 969 3480 variorum
991 3431 1311 3481 auctorum
1334 3416 1680 3480 testimonio
1710 3437 1824 3500 per
1844 3436 2088 3479 omnem
2108 3418 2541 3499 antiquitatem

353 3510 673 3594 dispersis.
714 3509 1175 3583 Defensionum,
1209 3526 1438 3594 praeter
1465 3523 1675 3574 notam
1702 3512 1896 3588 illam,
1927 3511 1995 3573 in
2024 3530 2141 3592 qua
2173 3511 2541 3576 Ciceronem

353 3612 589 3674 laboris
612 3609 849 3673 socium
874 3609 1112 3684 habuit,
1146 3609 1369 3674 nullius
1394 3611 1753 3672 memoriam
1781 3610 2161 3692 accepimus3
2197 3627 2396 3690 neque
2424 3609 2545 3674 sor·

357 3724 517 3774 tasse
543 3722 773 3794 praeter
800 3712 965 3775 hanc
992 3711 1362 3795 Quintiliani
1391 3722 1666 3794 tempore
1703 3712 1997 3794 scriptum
2041 3730 2121 3772 ex
2157 3709 2274 3773 hoc
2314 3696 2543 3791 genere

362 3808 689 3889 quidquam
717 3808 1072 3870 exstabat...
1117 3800 1220 3896 [V.
1255 3805 1337 3869 fr.
1379 3827 1442 3889 p.
1470 3806 1586 3870 193
1608 3802 1775 3894 sqq.]
1818 3809 1938 3873 Sed
1954 3810 2020 3869 in
2047 3808 2129 3869 fr.
2162 3826 2262 3889 ap.
2297 3809 2541 3872 Festum

359 3923 429 3967 v.
458 3906 640 3965 Oreae
667 3925 787 3967 nec
812 3919 1078 3982 constat,
1124 3905 1265 3987 quis
1289 3905 1406 3967 iste
1434 3904 1618 3967 suerit
1655 3905 1731 3966 L.
1767 3904 2096 3968 Stertinius
2121 3904 2235 3966 sub
2276 3927 2395 3988 quo
2437 3908 2544 3987 qui

350 3997 703 4065 orationem
726 3999 970 4077 habuit,
1000 4015 1148 4067 tunc
1173 4003 1469 4067 militatus
1495 4001 1750 4075 dicitur,
1776 4020 1914 4063 cum
1938 3995 2185 4062 nonnisi
2221 4002 2549 4064 contuber-

356 4095 630 4183 nalisQ.
662 4095 941 4181 Pompeii
968 4102 1160 4166 Roma
1187 4099 1442 4178 afuerit3
1488 4117 1692 4176 neque
1727 4097 1890 4179 apud
1927 4097 2220 4180 populum
2258 4115 2334 4159 ea
2369 4111 2550 4163 aetate

353 4195 673 4282 quisquam
693 4216 808 4282 pro
821 4217 888 4263 se
905 4195 1171 4273 dicebat,
1194 4219 1335 4265 cum
1359 4189 1611 4263 nonnisi
1630 4189 2050 4276 perduellione
2064 4206 2320 4275 excepta
2338 4216 2549 4266 omnes

543 4322 549 4331 ·
2255 4307 2312 4358 11
2387 4312 2393 4320 ‘
