3367 5417
1820 432 1948 505 184

799 570 992 633 tionis
1018 567 1341 631 admodum
1368 578 1462 630 est
1505 566 1825 638 obscurus,
1870 579 2052 649 atque
2087 569 2495 652 supplendum
2532 578 2680 650 puto
2731 569 3000 629 Dice-um

799 673 1092 731 dictatum
1116 665 1192 726 de
1208 667 1520 728 consulatu
1545 688 1651 728 suo
1679 665 1862 728 liber.
1894 671 2301 745 Accusatores
2328 669 2543 751 plures
2568 667 2845 747 fuerunt,
2873 689 3004 733 non

804 788 984 841 unus,
1015 779 1087 826 ut
1112 784 1189 828 ex
1215 761 1581 846 fragmentis
1608 778 1892 850 apparet.
1910 770 2001 829 Ac
2026 765 2361 851 probabile
2391 782 2511 845 est,
2536 766 2837 833 Catonem
2863 788 3007 832 ora·

798 870 998 932 tiones
1018 915 1037 944 ,
1086 863 1302 930 diebus
1327 867 1510 930 dictis
1536 887 1652 951 pro
1681 888 1750 930 se
1776 864 2061 945 habitas,
2096 867 2165 932 in
2196 890 2321 932 uno
2350 869 2513 933 libro
2544 872 2834 934 collectas
2873 869 2999 932 edi·

799 967 986 1033 disse.
1024 962 1359 1056 [Similiter
1387 965 1664 1050 conjecit
1708 971 1895 1032 etiam
1924 971 2202 1035 Bolhuis.
2240 991 2309 1054 p-
2344 970 2464 1035 102
2494 992 2620 1054 sq..
2660 984 2802 1056 apte
2836 968 3003 1033 Festi

797 1067 1000 1130 locum
1053 1082 1544 1130 commemorans
1560 1107 1580 1137 ‚
1611 1086 1676 1127 v.
1730 1064 1921 1127 Recto
1930 1067 2174 1149 fmnoe,
2217 1064 2328 1130 ubi
2361 1068 2717 1130 dissertatio
2742 1079 3003 1130 vocatur

797 1163 903 1227 hic
928 1159 1150 1252 liber-J
1188 1164 1251 1225 Is
1286 1162 1653 1225 continebat
1688 1180 1902 1226 omnes
1952 1163 2252 1240 actiones,
2303 1160 2525 1247 quibus
2562 1164 2641 1227 de
2679 1164 3001 1227 consulatu

798 1280 930 1337 suo,
963 1261 1041 1322 de
1070 1259 1505 1342 proconsulatu
1525 1255 1595 1322 in
1624 1260 1945 1342 Hispania,
1979 1262 2057 1323 de
2083 1259 2250 1324 bello
2277 1262 2572 1324 adversus
2593 1260 2998 1332 Antiochum,

802 1378 921 1441 quo
947 1370 1226 1439 tempore
1253 1356 1454 1420 fuerat
1470 1357 1735 1435 legatus,
1766 1370 1830 1420 et
1856 1358 1934 1419 de
1968 1375 2234 1419 censura
2272 1375 2386 1421 sua
2409 1359 2479 1421 in
2496 1353 2805 1441 judicium
2824 1377 3007 1422 voca·

801 1468 901 1518 tus
917 1455 1227 1518 rationem
1252 1453 1545 1516 reddidit.
1578 1453 1892 1517 Weberus
1905 1451 2232 1517 adnotavit
2257 1475 2323 1538 p.
2352 1452 2433 1517 25
2456 1474 2475 1519 e
2502 1480 2531 1511 α
2561 1457 2658 1518 De
2678 1455 3003 1519 consulato

801 1574 912 1615 suo
937 1553 1147 1636 plures
1173 1549 1423 1616 videtur
1461 1549 1779 1616 orationes
1805 1550 2112 1627 babuisse,
2144 1551 2369 1634 quibus
2398 1548 3000 1616 administrationem

799 1653 1081 1714 muneris
1102 1663 1325 1716 eontra
1359 1648 1749 1715 adversarios
1787 1649 2167 1729 defenderet,
2202 1647 2327 1714 nisi
2356 1651 2519 1714 forte
2541 1670 2640 1727 ea,
2688 1671 2868 1733 quam
2896 1650 3000 1712 ad·

799 1758 1021 1813 versus
1048 1749 1124 1813 C.
1161 1748 1439 1813 Cassium
1467 1746 1924 1830 pronuntiavit,
1955 1748 2172 1810 eadem
2200 1760 2321 1819 est,
2353 1764 2490 1830 quoe
2518 1745 2885 1831 simpliciter
2905 1746 2999 1808 in·

802 1848 1104 1912 scribitur
1138 1845 1235 1909 De
1261 1844 1611 1909 consulatu.
1631 1869 1662 1904 s

1193 2168 1199 2175 ς
1267 2086 1375 2149 68.
1420 2102 1638 2147 oum-xo
1681 2104 1745 2146 ιιι
1787 2105 1846 2146 c.
1893 2102 2213 2148 sutricum
2253 2103 2521 2147 caman.

888 2296 1116 2361 Catoni
1145 2294 1393 2359 censori
1427 2312 1568 2359 eam
1593 2296 1876 2359 vindicat
1903 2297 2237 2362 Weberus.

886 2396 1102 2457 Festus
1137 2413 1200 2455 v.
1247 2392 1601 2455 Nassitema
1634 2418 1657 2452 .-
1691 2393 1849 2458 Cato
1892 2391 1961 2456 in
1999 2414 2073 2457 ea
2100 2392 2407 2469 oratione,
2450 2411 2630 2474 quam
2653 2393 2999 2474 composuit

805 2492 873 2555 in
898 2493 980 2575 Q.
1017 2490 1153 2574 (sic)
1178 2486 1520 2573 Sulpicium
1544 2508 1563 2551 ι
1600 2487 1846 2574 Quou'ae
1873 2493 2012 2553 vidi
2033 2492 2267 2563 mallus,
2307 2492 2674 2563 nasiternaS,
2717 2505 2997 2569 pertusos

803 2591 1063 2676 aqualis,
1102 2589 1380 2651 matellas
1406 2594 1537 2651 stne
1557 2594 1752 2651 ansis.

875 2751 1067 2805 trullas
1095 2755 1117 2820 ]
1154 2748 1428 2805 emendavi
1480 2751 1759 2826 vulgatum
1798 2753 2007 2806 trullae.
2063 2751 2335 2826 Scaligeno
2387 2750 2594 2825 placuit
2640 2750 2874 2808 trulleos.
2920 2751 2996 2803 De

948 2838 1122 2911 priore
1153 2837 1318 2892 forma
1343 2838 1463 2893 vide
1499 2838 1882 2894 Schneiderum
1903 2839 1974 2895 ad
1995 2841 2188 2895 Caton.
2218 2842 2296 2893 De
2320 2857 2378 2893 re
2404 2851 2544 2893 rust.
2568 2856 2688 2912 cap.
2739 2841 2804 2893 10
2827 2850 2883 2892 et
2912 2840 2994 2889 11.
3046 2916 3051 2919 .

947 2922 1147 2977 Deinde
1169 2924 1300 2978 cod.
1320 2924 1585 2996 perfines.

870 3071 1197 3141 nasieernas]
1234 3092 1342 3128 non
1366 3075 1707 3138 nassiternas,
1737 3087 1800 3129 ut
1822 3074 1986 3130 codex
2006 3094 2024 3127 ἰ
2050 3075 2159 3129 vid.
2192 3073 2445 3129 Schneid.
2466 3074 2531 3127 ad
2556 3074 2797 3128 eumdem
2817 3073 2921 3127 loc.

1186 3305 1294 3371 69.
1337 3324 1557 3370 osuio
1595 3328 1728 3384 Quat
1758 3329 1837 3372 nx
1868 3328 2205 3372 annuamus
2232 3324 2613 3373 mscmnrmu.

887 3512 1104 3574 Festus
1133 3507 1487 3571 :Probrum
1510 3515 1771 3592 virgirzis
1792 3511 2102 3589 Vestalis)
2143 3527 2214 3577 ut
2248 3515 2454 3599 capite
2504 3513 2859 3598 puniretur,
2895 3514 2994 3575 vir

802 3610 910 3696 qui
935 3630 1074 3673 eam
1099 3605 1555 3685 incestavisset,
1600 3609 1969 3674 verberibus
2023 3626 2375 3689 necaretur,
2422 3613 2523 3676 lex
2563 3612 2690 3677 fixa
2728 3611 2796 3675 in
2834 3610 2997 3676 atrio

803 3710 1163 3787 Libertatiffi
1197 3731 1338 3774 cum
1372 3712 1579 3774 multis
1618 3710 1760 3775 aliis
1796 3714 2037 3794 legibus
2062 3711 2355 3777 incendio
2384 3729 2751 3798 consumpta
2783 3727 2899 3788 est,
2931 3726 2999 3775 ut

655 3821 690 3892 7
707 3810 749 3880 8
801 3810 892 3874 ait
911 3810 998 3871 Μ.
1024 3809 1179 3873 Cato
1207 3811 1273 3873 in
1295 3830 1369 3873 ea
1397 3811 1704 3884 oratione,
1739 3831 1870 3893 quae
1888 3810 1992 3875 De
2007 3813 2336 3893 auguribus
2363 3812 2750 3875 inscribitur.
2768 3811 2998 3895 Adjicit

794 3927 1057 3994 quoque,
1090 3913 1370 3991 virgines
1400 3910 1687 3974 Vestales
1709 3912 2047 3971 sacerdotio
2071 3926 2506 3992 exauguratus.

867 4075 1284 4145 Exauguratas]
1328 4074 1474 4127 Vitio
1501 4073 1929 4147 typographico’
1914 4093 1972 4127 ιιι
2000 4076 2207 4129 Dacerii
2230 4075 2361 4130 edit.
2390 4080 2762 4129 exauctoratus
2784 4074 2993 4146 legitur,

937 4157 1080 4228 quod
1113 4157 1249 4210 Lion
1289 4158 1615 4231 propagavit.
1653 4158 2009 4232 Eoemguroec
2051 4173 2136 4214 est
2168 4160 2376 4232 privare
2406 4160 2641 4231 aliquem
2685 4158 2994 4213 sacerdotio.

939 4244 1256 4296 liemon-atur
1280 4244 1494 4298 Flamen
1518 4252 1883 4317 exauguratus
1910 4247 1968 4300 in
1992 4246 2183 4305 Orellii
2212 4246 2485 4320 Inscriptt.
2518 4266 2576 4301 ιι.
2601 4248 2754 4303 2207.
