3367 5417
414 639 597 713 gnori
626 654 846 714 agrum
893 654 930 692 a
969 649 1224 711 parente
1259 632 1478 713 pupilli
1519 634 1845 708 acceperit,
1867 650 1977 711 Jus
2005 645 2378 712 eaesequetur
2400 655 2421 688 .-
2462 628 2624 689 nihil

410 736 747 796 novandum
775 754 1018 794 censeo,

392 855 397 864 ν
493 885 731 952 Τεηγίἰο
757 896 807 937 et
829 883 1110 950 Clemente]
1138 901 1315 935 conss.
1345 901 1393 935 a.
1419 886 1480 935 U.
1501 883 1627 942 946,
1662 903 1719 955 p.
1747 881 1876 934 Chr.
1911 879 2029 943 ¹95,
2063 878 2202 952 apud
2229 878 2530 932 Relandum
2563 879 2619 931 iu

556 967 747 1019 Fastis.
2106 969 2113 974 '

500 1104 677 1169 Juris
718 1103 938 1169 Civilis
979 1103 1509 1169 Ante-Jmtinian.
1548 1107 1755 1169 Vatic.
1801 1108 2022 1187 fragm.
2065 1125 2129 1188 p.
2170 1103 2254 1166 42
2294 1103 2394 1166 od.
2428 1098 2576 1164 Mai.
2600 1126 2617 1161 ε

415 1208 571 1273 Pars
598 1208 902 1270 orationis
939 1206 1332 1291 imperatoris
1358 1206 1616 1272 severi:
1648 1206 2020 1267 Promiscua
2045 1205 2327 1286 facultas
2362 1205 2624 1281 potioris

413 1307 775 1366 nominandi
799 1312 920 1367 nisi
945 1312 1107 1367 intra
1134 1320 1335 1366 certos
1340 1305 1511 1387 fines
1541 1302 1916 1378 cohibeatur,
1946 1308 2077 1385 ipso
2106 1316 2304 1362 tractu
2332 1305 2626 1380 temporis

410 1405 678 1484 pupillos
699 1410 982 1487 jortunis
1022 1409 1150 1465 suis
1183 1404 1479 1485 privabit,
1505 1408 1605 1464 cui
1643 1407 1738 1463 rei
1772 1404 2020 1464 obviam
2061 1402 2267 1476 ibitur,
2305 1400 2389 1460 P.
2419 1401 2519 1473 C„
2567 1404 2625 1460 si

415 1510 797 1579 censueritis,
826 1519 891 1566 ut
915 1504 1172 1585 collegae
1191 1508 1387 1584 patris
1425 1509 1524 1565 sui
1562 1502 1667 1563 vel
1692 1502 1917 1583 pupilli
1957 1507 2023 1561 in
2059 1504 2309 1561 decuria
2346 1501 2455 1588 nel
2485 1520 2624 1559 cor-

333 1629 339 1634 ·
407 1625 585 1684 pore,
617 1610 765 1665 item
792 1609 1041 1688 cognati
1072 1605 1180 1665 vel
1209 1605 1434 1687 affines
1472 1608 1779 1689 utriusque
1817 1605 2304 1675 necessitudinis,
2343 1606 2449 1685 qui
2486 1603 2626 1680 lege

415 1704 461 1760 J
462 1704 581 1764 ulia
600 1720 661 1765 et
677 1706 882 1784 Papia
902 1709 1150 1782 excepti
1169 1719 1327 1777 sunt,
1343 1707 1654 1782 potiorem
1675 1723 1797 1765 non
1817 1706 2159 1776 nominent,
2184 1704 2374 1761 ceteti
2387 1703 2635 1780 cognati

419 1806 530 1865 vel
557 1803 787 1885 adfines
821 1806 1090 1862 amicive
1125 1815 1303 1884 atque
1342 1803 1683 1880 municipes
1708 1820 1816 1861 eos
1843 1799 2261 1860 tantummodo
2290 1802 2626 1865 nominent,

418 1925 568 1989 quos
606 1925 753 1964 cura
789 1904 1153 1984 complexus
1190 1923 1348 1964 sum.
1397 1901 1468 1964 V
1464 1904 1762 1962 icinitatis
1795 1916 2005 1962 autem
2031 1895 2178 1982 jure
2214 1919 2396 1959 nemo
2425 1901 2635 1977 potior

413 2008 818 2065 existimetur.

500 2100 662 2162 lbid.
697 2120 760 2182 p.
790 2099 907 2162 74:
942 2101 1008 2164 si
1139 2110 1281 2161 tuus
1312 2096 1565 2163 nomine
1597 2096 1967 2182 matris‘juae
2004 2098 2080 2159 de
2120 2115 2232 2159 sua
2258 2092 2527 2178 pecunia

415 2198 767 2263 donationis
790 2218 997 2272 cama,
1022 2198 1200 2279 eique
1218 2194 1502 2268 tradidit,
1522 2208 1588 2259 et
1613 2198 1920 2260 decedens
1945 2216 2071 2258 non
2096 2193 2420 2257 revocavit
2447 2192 2525 2255 ad
2550 2234 2563 2247 .
2580 2233 2621 2271 ‚-

416 2293 751 2358 contulisse
777 2295 1052 2369 videtnr,
1081 2295 1395 2374 intellegis
1424 2296 1656 2357 frustra
1698 2306 1759 2355 te
1787 2294 1944 2356 velle
1982 2293 2282 2374 experiri,
2312 2310 2456 2353 cum
2486 2308 2626 2349 ora-

411 2401 573 2455 tione
601 2394 748 2455 Dt‘vi
771 2393 984 2456 Severi
1016 2391 1369 2473 hujusmodi
1398 2396 1764 2456 donationes
1803 2405 1944 2475 post
1980 2389 2222 2455 obitum
2250 2410 2489 2464 eornm,
2523 2382 2628 2468 qui

411 2497 823 2568 donaverunt,
870 2493 1319 2557 confirmentur
1361 2495 1435 2555 P.
1473 2495 1546 2555 P.
1587 2495 1789 2576 pridie
1832 2513 1982 2557 non.
2024 2505 2213 2555 mart.
2255 2490 2633 2560 Antiochiae,

412 2599 611 2675 Augg.
643 2616 743 2657 ιιιι
775 2606 840 2656 et
871 2616 943 2656 111
975 2614 1178 2657 conss.

483 2731 668 2804 Augg.
684 2731 869 2796 1-111.]
893 2728 928 2781 i.
941 2747 991 2780 e.
1006 2730 1140 2798 Imp.
1157 2730 1220 2782 C.
1239 2730 1373 2780 Aur.
1391 2727 1570 2780 Valer.
1591 2725 1922 2779 Diocletiano
1938 2729 2077 2796 Aug.
2096 2745 2169 2787 tv,
2185 2737 2241 2777 et
2254 2725 2387 2796 lmp-
2404 2725 2477 2775 M.
2493 2726 2624 2775 Aur.

557 2813 734 2866 Valer.
756 2810 1135 2865 Muiminiuno
1154 2811 1294 2881 Aug.
1317 2826 1375 2859 ιιι
1395 2828 1574 2862 oonss.
1596 2828 1645 2860 a.
1667 2812 1733 2862 U.
1762 2809 1912 2867 1041,
1932 2826 1987 2878 p.
2013 2809 2142 2861 chr.
2166 2810 2290 2861 290.

639 3019 958 3092 CXXIV.
1020 3014 1354 3089 Aurelius
1408 3018 1836 3104 Antoninus,
1897 3019 2142 3089 Severi
2190 3015 2402 3088 filius,
2683 2983 2822 3061 263

505 3254 850 3334 Imperator
894 3251 1246 3315 Antoninus
1284 3252 1618 3330 Augustae,
1672 3262 1821 3313 ante
1861 3270 2179 3313 excessum
2234 3251 2383 3314 Divi
2410 3251 2630 3315 Severi

425 3347 624 3431 patris
649 3350 745 3410 sui
771 3348 1122 3411 orationem
1145 3346 1364 3410 habuit
1393 3347 1461 3410 in
1478 3359 1701 3409 senatu
1730 3369 1791 3409 a.
1823 3347 1903 3412 U.
1951 3348 2099 3424 958,
2131 3349 2230 3407 De
2258 3348 2628 3428 confirman-

423 3447 522 3505 dis
543 3449 818 3505 orationi
822 3445 955 3514 bus,
980 3465 1057 3507 ex
1078 3465 1198 3525 qua
1220 3446 1569 3524 fragmenta
1598 3442 1959 3508 etiamnunc
1988 3458 2257 3507 exstant.

503 3547 743 3626 Digest.
775 3545 886 3608 lib.
918 3548 1149 3622 XXIV,
1179 3547 1273 3609 Ιίῑ.
1314 3571 1360 3624 1,
1391 3547 1427 3608 3
1459 3567 1476 3606 ε
1522 3549 1619 3609 lta
1650 3548 1739 3608 ait
1765 3567 1782 3607 ε
1829 3542 2113 3627 ⁴Majores
2135 3551 2325 3607 nostri
2349 3551 2509 3607 inter
2536 3551 2625 3606 vi-

419 3669 554 3706 rum
582 3664 644 3710 et
668 3667 931 3707 uxorem
956 3648 1310 3708 donationes
1331 3646 1792 3726 prohibuerunt,
1826 3665 2112 3706 amorem
2141 3645 2457 3707 honestum
2486 3648 2634 3707 solis

417 3750 647 3804 animis
681 3750 1081 3819 (estimantes,
1099 3750 1315 3826 famae
1359 3750 1554 3805 etiam
1593 3741 2054 3828 conjunctorum
2090 3745 2463 3805 consulentes
2481 3792 2498 3818 ,
2554 3766 2633 3803 nc

420 3847 745 3905 concordia
769 3852 973 3923 pretio
991 3847 1321 3907 conciliari
1349 3848 1679 3920 videretur,
1706 3866 1852 3904 neve
1879 3845 2103 3905 melior
2117 3850 2178 3903 in
2202 3860 2630 3922 paupertatem

421 3944 737 4016 incideret,
791 3946 1057 4004 deterior
1091 3945 1495 4025 ditior-fieret.

507 4039 666 4101 lbid.
696 4039 810 4102 lib.
841 4042 1064 4116 XXIV,
1102 4044 1199 4104 tit.
1225 4065 1268 4114 1,
1303 4043 1374 4105 31
1409 4064 1425 4102 ε
1465 4045 1568 4105 Ait
1595 4041 1833 4106 oratio:
1870 4041 1998 4102 Fas
2025 4062 2183 4114 esse,
2215 4061 2359 4102 eum
2377 4043 2629 4124 quidem

417 4142 525 4218 qui
575 4139 819 4197 donavit
853 4144 1156 4214 paenitere
1172 4185 1191 4210 ‚
1244 4138 1534 4201 heredem
1565 4163 1714 4203 vero
1762 4147 1995 4223 eripere
2010 4143 2298 4221 forsitan
2342 4140 2631 4201 adversus

429 4238 790 4296 voluntatem
834 4236 964 4317 ejus
1019 4261 1366 4317 supremam
1388 4289 1408 4315 ,
1456 4249 1561 4326 qui
1603 4245 1917 4304 donaverit
1934 4292 1953 4316 ,
2008 4244 2229 4301 durum
2277 4257 2335 4301 et
2372 4263 2629 4302 avarum

422 4357 575 4396 esse.
