3367 5417
1879 421 2015 493 312

844 574 912 622 et
940 561 1325 622 altitudinem
1361 561 1583 621 horum
1617 571 1961 640 temporum
1987 558 2398 637 agnoscimus.
2445 557 2667 622 Sordes
2696 571 2899 620 autem
2929 558 3052 620 111ae

847 660 1179 723 verborum
1203 669 1276 718 et
1310 658 1490 718 hians
1517 654 1883 738 compositio
1911 671 1977 720 et
2002 656 2311 722 inconditi
2332 675 2546 719 sensus
2577 657 2857 719 redolent
2884 654 3051 718 anti·

844 762 1168 842 quitatem,
1201 779 1320 823 nec
1349 775 1717 839 quemquam
1746 759 1899 821 adeo
1929 756 2347 841 antiquarium
2373 770 2549 841 puto,
2583 772 2651 820 ut
2680 757 2944 821 Coelium
2972 778 3054 820 ex

844 882 918 923 ea
941 874 1117 943 parte
1145 861 1380 936 landet,
1405 879 1525 942 qua
1548 861 1840 942 antiquus
1863 872 1981 922 est.

927 958 1199 1045 Quintil.
1226 962 1307 1036 X,
1340 962 1399 1031 1,
1425 961 1584 1023 115:
1620 961 1877 1024 Multum
1905 962 2146 1042 ingenii
2180 963 2248 1024 in
2269 958 2492 1035 Goelio,
2532 972 2601 1024 et
2636 961 2951 1046 pmcipue
2988 959 3056 1024 in

844 1064 1193 1127 accusando
1221 1061 1415 1123 multa
1440 1057 1792 1135 urbanitas,
1819 1058 2161 1144 dignusque
2189 1062 2309 1138 vir,
2334 1061 2439 1125 cui
2459 1072 2525 1126 et
2546 1081 2727 1124 mens
2751 1061 2971 1126 melior
2990 1073 3054 1125 et

843 1163 975 1226 vita
993 1163 1240 1242 longior
1262 1158 1650 1244 contigisset.

915 1321 1058 1355 mens
1080 1302 1279 1368 molior]
1299 1299 1419 1352 vide
1435 1299 1711 1353 Ciceronis
1730 1300 1882 1351 Brut.
1902 1317 1951 1351 c.
1969 1300 2056 1351 79.

932 1427 1027 1487 Id.
1058 1427 1140 1499 X,
1165 1425 1230 1500 2,
1258 1425 1377 1487 25:
1409 1421 1530 1488 Sed
1560 1443 1688 1488 non
1716 1422 1823 1505 qui
1845 1422 2111 1486 maxime
2138 1421 2496 1496 imitandus,
2525 1433 2589 1483 et
2612 1421 2779 1484 solus
2804 1416 3053 1482 imitan-

845 1524 958 1585 dus
985 1535 1101 1585 est.
1135 1521 1302 1606 Quid
1324 1539 1474 1601 ergo
1493 1518 1524 1581 Ρ
1553 1540 1679 1583 non
1705 1535 1801 1584 est
1818 1519 1968 1582 satis
1995 1518 2203 1583 omnia
2231 1513 2325 1581 sic
2352 1518 2587 1593 dicere,
2627 1519 2930 1600 quomodo
2963 1519 3048 1581 M.

846 1618 1081 1682 Tullius
1108 1616 1267 1682 dixit
1284 1616 1315 1679 ἲ
1339 1618 1494 1681 Mihi
1516 1617 1763 1698 quidem
1790 1613 1943 1681 satis
1969 1628 2157 1690 esset,
2195 1617 2248 1678 si
2277 1617 2488 1679 omnia
2515 1615 2759 1697 assequi
2784 1635 3043 1697 possem.

843 1716 1012 1798 Quid
1033 1729 1245 1778 tamen
1273 1726 1552 1787 noceret,
1568 1715 1700 1776 vim
1717 1713 2013 1785 Caesaris,
2029 1713 2424 1796 asperitatem
2446 1711 2649 1792 Coelti,
2666 1710 3051 1792 diligentiam

841 1811 1175 1887 Pollionis,
1194 1811 1495 1895 judicium
1523 1810 1697 1874 Calvi
1717 1807 2082 1893 quibusdam
2103 1811 2175 1873 in
2193 1809 2347 1873 locis
2367 1827 2679 1873 assumere
2695 1808 2728 1869 ἲ

1611 2035 1830 2079 muno
1861 2034 1977 2079 Pno
1996 2035 2063 2077 SE
2092 2033 2171 2077 m!
2197 2033 2286 2076 vt.

935 2203 1181 2271 Festus:
1212 2209 1423 2281 Οτι-ιε,
1446 2206 1625 2283 freni,
1651 2209 1815 2290 quod
1841 2208 1942 2270 ori
1969 2207 2404 2271 inferuntur...
2430 2205 2651 2268 Catius
2660 2225 2783 2286 pro
2803 2222 2873 2266 se
2889 2205 3057 2286 apud

773 2397 782 2410 η
844 2308 1132 2389 populum
1147 2332 1169 2367 .-
1189 2306 1509 2392 Equusqae
1527 2305 1683 2367 milti
1699 2308 2160 2391 subsentinibus
2177 2312 2412 2370 occt‘sus
2428 2322 2587 2384 erat,
2609 2327 2789 2370 oreas
2809 2306 3054 2368 detraho

852 2414 1225 2488 &spectante
1244 2406 1438 2468 Lucio
1455 2409 1769 2470 Stet-tamo.

584 2497 590 2503 ’
667 2515 796 2589 195
927 2541 1145 2610 σωκ...]
1178 2540 1577 2594 zuendenist.
1599 2538 1755 2612 Etoq.
1786 2539 1823 2593 ι.
1869 2541 1963 2595 eit.
2002 2541 2250 2597 emendat
2272 2542 2428 2604 caco,
2459 2560 2580 2595 eum
2618 2541 2761 2614 apua
2792 2540 3053 2614 populum

991 2649 1054 2683 ea
1069 2641 1220 2682 aetate
1240 2647 1396 2681 nemo
1411 2627 1642 2701 amplius
1657 2648 1755 2701 pro
1773 2648 1831 2682 se
1849 2628 2066 2695 diceret,
2082 2630 2189 2684 nisi
2205 2629 2590 2703 perduellionis
2606 2648 2756 2685 reus.
2772 2630 2850 2682 Ac
2864 2626 3056 2681 melius

999 2729 1128 2766 sane
1152 2712 1419 2766 sententia
1440 2711 1582 2766 cadit
1605 2713 1662 2765 in
1676 2713 1897 2767 Catonis
1922 2715 2212 2770 orationem
2238 2714 2304 2768 de
2328 2712 2614 2768 consulatu
2638 2731 2760 2779 suo,
2785 2712 2844 2765 in
2866 2729 2974 2783 qua
2997 2730 3056 2765 ea

990 2810 1293 2863 narrantur,
1330 2818 1449 2871 quae
1471 2801 1603 2854 Cato
1634 2812 1853 2853 strenue
1887 2820 1945 2854 ac
1977 2798 2185 2856 fortiter
2218 2800 2277 2855 in
2305 2800 2467 2856 bellis
2491 2801 2736 2874 gesserit.
2779 2800 2844 2853 1..
2881 2813 3056 2854 auten

989 2885 1284 2938 Stertinius
1310 2885 1359 2938 is
1382 2893 1491 2949 est,
1516 2884 1610 2955 qui
1636 2904 1686 2938 a.
1708 2881 1777 2938 U.
1799 2886 1904 2939 554
1920 2884 2210 2958 proconsul
2240 2885 2552 2959 Hispaniam
2577 2884 2891 2939 ulteriorem
2913 2898 3058 2939 extra

992 2965 1230 3018 ordinem
1250 2965 1487 3018 obtinuit
1502 2981 1673 3036 usque
1692 2965 1761 3019 ad
1781 2985 1980 3020 annum
1993 2967 2090 3020 557
2102 3005 2117 3018 .
2133 2967 2352 3035 [Probat
2367 2966 2526 3020 etiam
2534 2968 2826 3022 Westerm.
2839 2987 2896 3040 p.
2910 2969 3057 3034 2094

993 3084 1058 3094 —-
1074 3052 1348 3126 Spalding.
1365 3072 1491 3106 vero
1507 3051 1574 3104 ad
1587 3055 1783 3123 Quint.
1799 3052 1894 3117 XI,
1920 3055 1966 3121 l,
1986 3055 2075 3120 51,
2092 3054 2347 3109 orationis
2364 3073 2481 3108 esse
2498 3065 2673 3128 putat,
2688 3073 2846 3125 quam
2858 3053 3060 3107 Cetius

985 3158 1086 3212 pro
1104 3158 1158 3192 sc
1175 3141 1244 3192 de
1260 3144 1318 3192 νί
1332 3138 1541 3192 habuit.

920 3255 1208 3325 equusque]
1228 3248 1470 3321 Scaliger
1484 3269 1670 3323 equus,
1688 3255 1802 3325 qui.
1828 3250 1913 3306 Ab
1931 3251 2063 3305 Ant.
2080 3253 2389 3324 Augustino
2404 3253 2712 3308 emendatur
2724 3272 2881 3326 equo,
2899 3258 3019 3326 qui.

933 3370 1190 3433 Sueton.
1218 3369 1315 3429 De
1345 3367 1501 3430 clar.
1530 3368 1723 3431 rhett.
1747 3389 1809 3431 c.
1837 3369 1875 3431 2
1895 3389 1915 3429 τ
1947 3369 2015 3432 Ι..
2044 3370 2313 3435 Plotium
2337 3372 2593 3437 Gallum
2622 3373 2707 3435 M.
2728 3370 2967 3436 Coelius
2988 3371 3056 3435 in

850 3471 1157 3546 oratione,
1193 3486 1374 3552 quam
1398 3485 1518 3548 pro
1547 3490 1616 3530 se
1642 3469 1720 3529 de
1746 3473 1817 3529 υἱ
1840 3469 2081 3546 habuit,
2106 3468 2425 3557 significat
2447 3474 2714 3534 dictasse
2740 3474 3053 3547 Atratino,

846 3571 1197 3630 accusatori
1225 3587 1358 3640 suo,
1390 3570 1721 3640 actionem,
1751 3565 2176 3654 subtractoque
2203 3572 2455 3630 nomine
2482 3568 2875 3631 hor-demam
2912 3590 3057 3631 eum

849 3661 1159 3723 rhetorem
1183 3661 1483 3746 appellat,
1507 3662 1797 3744 ‘deridens
1825 3678 1890 3723 ut
1914 3659 2187 3745 t‘qflatum
2213 3686 2290 3725 ac
2317 3664 2511 3728 levem
2536 3680 2598 3726 et
2626 3667 2971 3727 sordidum.

916 3817 1016 3871 pro
1045 3813 1099 3851 se
1124 3799 1193 3850 dc
1216 3802 1298 3866 υἱ]
1322 3815 1538 3851 causam
1559 3796 1696 3852 ‹lin‘t
1718 3798 1926 3852 Goelius
1949 3817 2001 3852 a.
2027 3801 2150 3864 ⁶99,
2185 3799 2250 3853 1..
2278 3795 2660 3868 Ahenobarbo,
2700 3806 2803 3876 Ap.
2832 3801 3055 3857 Claudio

995 3882 1150 3935 Coss.
1160 3918 1175 3941 ‚
1198 3881 1341 3952 apud
1359 3893 1637 3953 praetorem
1652 3883 1757 3935 Cn.
1773 3882 2062 3935 Domitium
2075 3883 2241 3954 (conf.
2253 3884 2369 3936 Cic.
2382 3886 2519 3957 Epp.
2533 3885 2599 3938 ad
2610 3888 2681 3955 Q.
2692 3885 2848 3940 fratr.
2862 3887 2934 3950 11,
2952 3886 3053 3956 13).

994 3968 1198 4019 Partem
1217 3966 1544 4020 defensionis
1559 3966 1746 4020 Cicero
1768 3979 2093 4042 susceperat,
2109 3965 2270 4039 cujus
2288 3970 2455 4023 matio
2473 3989 2570 4043 pro
2583 3971 2660 4025 Μ.
2676 3971 2852 4027 Coelio
2868 3983 3057 4036 exstat,

995 4054 1052 4107 in
1070 4072 1280 4125 quaque
1298 4055 1457 4108 etiam
1476 4053 1541 4106 de
1554 4053 1713 4107 Coelii
1732 4054 2001 4108 amoribus
2017 4067 2075 4107 et
2089 4054 2156 4109 de
2173 4056 2363 4110 Clodia
2378 4057 2593 4112 dicitur.

923 4166 1198 4235 Atratino]
1242 4167 1461 4222 Eusebii
1494 4167 1798 4222 Chronicon
1834 4165 1901 4220 ad
1934 4166 2025 4225 01.
2068 4170 2551 4239 189=·Atrattnus‚
2591 4177 2688 4245 qui
2721 4175 3061 4247 septuzdeoea·

993 4270 1160 4304 annos
1196 4264 1353 4306 natas
1381 4252 1600 4306 Coelt'am
1638 4265 1971 4310 accusaverat
1987 4295 2003 4320 ,
2036 4255 2215 4309 clarus
2251 4259 2384 4311 inter
2418 4269 2654 4312 oratores
2690 4260 2909 4317 habetur
2928 4287 2945 4313 ι
2982 4262 3061 4311 ad
