3367 5417
951 625 1112 666 matre
1146 625 1269 666 nata
1301 631 1439 666 sum.
1486 613 1730 666 Imitatus
1772 612 1943 666 fuerat
1974 611 2195 666 Asinius
2243 610 2524 665 formulam
2573 622 3011 664 testamentorum

949 695 1449 749 conscribendorum
1477 718 1492 747 ι
1521 693 1680 768 cujus
1706 696 1890 768 figura>
1906 696 2007 749 hoo
2038 695 2297 768 imprimis
2322 693 2438 748 loco
2463 693 2709 768 egregius
2725 706 2839 746 erat
2855 713 3008 758 usus,

952 783 1020 836 ob
1039 785 1315 836 recitatum
1342 783 1408 835 ab
1440 784 1739 837 adversario
1770 796 2146 837 testamentum
2168 804 2182 834 ι
2204 782 2349 836 conf.
2376 775 2614 836 Tui-neb.
2641 782 2709 834 ad
2725 782 2785 835 h.
2804 782 2846 835 l.
2872 782 3011 852 Quis

950 865 1044 918 ille
1068 865 1244 921 Gallio
1263 868 1444 932 fuerit,
1465 879 1799 938 assequatur,
1830 868 1923 939 qui
1956 867 2172 940 poterit,
2197 885 2263 920 ex
2284 865 2504 920 Schotto
2530 868 2607 920 De
2624 865 2782 920 claris
2807 883 2893 937 ap.
2909 865 3015 919 Se-

950 968 1132 1003 necam
1167 950 1422 1003 rhetorib.
1457 971 1512 1022 p.
1552 954 1632 1015 15,
1671 952 1755 1015 16,
1792 963 1846 1002 et
1877 954 2179 1004 Burmanno
2205 950 2270 1002 ad
2290 950 2477 1019 Quint.
2509 948 2547 1002 l.
2579 969 2628 1002 c.
2659 961 2713 1001 et
2746 947 2811 1000 ad
2836 949 2931 1012 111,
2961 951 3008 1013 l,

948 1055 1003 1107 p.
1041 1038 1165 1090 218.
1197 1036 1465 1090 nor-beck.

623 1141 764 1215 216
901 1164 962 1225 9.
1014 1163 1157 1224 Alia
1214 1182 1404 1226 causa
1448 1164 1644 1226 Pollio
1693 1160 1968 1225 defendit
2018 1166 2111 1224 M.
2159 1162 2485 1235 Scaurum,
2542 1160 2855 1222 uterinum
2900 1179 3015 1242 per

811 1274 1077 1325 matrem
1101 1265 1364 1327 Muciam
1395 1265 1566 1328 Sexti
1594 1264 1877 1349 Pompeii
1901 1262 2190 1336 fratrem,
2228 1262 2378 1345 (vid.
2413 1262 2554 1323 Dio.
2588 1261 2764 1324 Cass.
2798 1261 2896 1336 Ll,
2928 1261 3010 1344 2),

813 1359 1007 1423 filium
1033 1363 1118 1423 M.
1165 1361 1398 1424 AEmilii
1438 1364 1683 1439 Scauri,
1735 1363 1834 1426 cui
1863 1359 2086 1425 Cicero
2115 1360 2541 1444 patrocinatus
2566 1374 2680 1437 est,
2727 1371 3015 1442 nepotem

813 1459 979 1520 illius
999 1460 1243 1531 Scauri,
1278 1462 1383 1541 qui
1406 1463 1701 1543 princeps
1733 1472 1980 1523 senatus
2013 1458 2152 1520 fuit.
2184 1458 2442 1522 Secutus
2460 1470 2602 1519 erat
2626 1457 2730 1519 hic
2748 1455 3017 1519 Scaurus

814 1553 1025 1636 partes
1061 1557 1239 1620 Sexti
1266 1558 1565 1639 Pompeii,
1607 1579 1646 1620 a
1673 1576 1792 1637 quo
1829 1568 2044 1639 postea
2073 1556 2152 1618 ad
2179 1555 2519 1619 Antonium
2556 1554 2886 1634 transfugit
2925 1554 3012 1636 (v.

817 1657 1085 1740 Appian.
1106 1659 1263 1721 Bell.
1297 1659 1422 1721 civ.
1457 1662 1528 1734 V,
1570 1658 1734 1742 142).
1762 1658 1918 1719 Inde
1948 1657 2016 1719 in
2046 1657 2304 1720 Antonii
2338 1653 2682 1719 amicitiam
2704 1668 3013 1738 receptus,

816 1759 896 1820 ab
933 1761 1207 1839 Augusto
1237 1773 1377 1842 post
1413 1760 1703 1842 proelium
1747 1755 2078 1820 Actiacum
2116 1760 2383 1840 primum
2435 1755 2576 1828 neci
2623 1757 2974 1819 destinatur
2997 1804 3014 1831 ,

819 1856 965 1917 dein
996 1869 1257 1938 propter
1294 1869 1558 1920 matrem
1579 1852 1853 1920 Muciam
1882 1856 2076 1919 vitam
2101 1856 2365 1919 obtinet.
2411 1855 2533 1919 Dio
2585 1855 2631 1917 1.
2665 1854 2713 1915 l.
2747 1866 2815 1922 et
2854 1855 3014 1929 LVI,

820 1955 925 2018 38.
975 1958 1130 2018 Eum
1170 1955 1422 2019 Asinius
1467 1978 1643 2020 reum
1683 1958 1995 2040 proecipue
2036 1957 2493 2020 commendavit
2528 1976 2583 2024 a,
2609 1949 2855 2018 meritis
2893 1973 3018 2015 ma·

813 2074 1044 2140 Jorurn.

903 2151 1170 2236 Quintil.
1222 2156 1328 2226 VI,
1388 2154 1446 2230 1,
1503 2155 1575 2217 21
1618 2175 1634 2215 ε
1689 2151 2166 2215 Periclitantem
2202 2153 2595 2215 commendat
2637 2152 2906 2232 dignitas
2959 2163 3022 2214 et

819 2250 1020 2311 studia
1048 2251 1256 2322 sortia,
1290 2262 1355 2311 et
1386 2265 1680 2334 susceptae
1707 2249 1872 2313 bello
1912 2247 2264 2327 cicatrices,
2298 2263 2364 2314 et
2383 2251 2674 2314 nobilitas
2701 2264 2766 2313 et
2797 2249 3023 2312 merita

820 2347 1149 2429 majorum.
1184 2352 1340 2425 Hoc,
1375 2354 1536 2430 quod
1573 2352 1855 2432 proxime
1886 2350 2034 2427 dixi,
2066 2352 2290 2420 Cicero
2321 2367 2511 2433 atquc
2540 2348 2788 2414 Asinius
2814 2363 3019 2413 certa·

826 2445 933 2507 tim
962 2460 1110 2509 suut
1135 2448 1250 2523 usi,
1282 2468 1396 2528 pro
1415 2450 1651 2513 Scauro
1676 2461 1855 2534 patre
1883 2446 2012 2523 hic,
2037 2450 2146 2513 ille
2173 2471 2288 2536 pro
2318 2450 2470 2516 filio.

906 2548 1004 2608 Ex
1032 2544 1332 2609 Pollionis
1354 2570 1474 2628 pro
1493 2550 1731 2611 Scauro
1759 2550 2043 2616 oratione
2062 2552 2374 2615 sententia
2402 2551 2676 2634 quaedam
2700 2548 2964 2612 affertur
2988 2570 3029 2620 a

823 2643 1211 2728 Quintiliano
1237 2644 1353 2723 lx,
1392 2647 1456 2718 2,
1489 2646 1570 2708 24
1612 2668 1630 2707 ε
1663 2646 1861 2709 Pollio
1894 2670 1910 2707 τ
1954 2649 2270 2733 Nunquam
2280 2650 2441 2730 fhre
2468 2648 2720 2722 credidI,
2738 2644 2983 2730 judices
3002 2694 3023 2721 ,

825 2759 886 2803 ιιι
913 2765 1018 2804 reo
1053 2746 1312 2820 Scauro,
1360 2766 1438 2805 ne
1462 2747 1608 2831 quid
1632 2752 1698 2805 in
1727 2741 2127 2829 ejusjudic1'o
2167 2754 2368 2827 gratia
2411 2749 2667 2820 valeret,
2707 2766 3022 2826 precarer.

914 2842 1017 2904 10.
1065 2844 1377 2907 Adversus
1415 2844 1490 2906 L.
1527 2845 1876 2905 Munatium
1899 2844 2226 2921 Plancum,
2276 2845 2602 2909 Ciceronis
2646 2845 2917 2908 amioum
2957 2864 3030 2907 ac

827 2938 1215 3019 discipulum,
1249 2939 1353 3021 qui
1378 2940 1535 3004 Dec.
1560 2941 1823 3003 Brutum
1859 2941 2137 3003 Antonio
2177 2942 2477 3024 prodidit,
2512 2963 2587 3005 ac
2614 2942 2762 3004 dein
2788 2941 2859 3002 in
2886 2940 3035 3004 belli

826 3036 1090 3099 Asiatici
1127 3049 1432 3121 apparatu
1474 3039 1553 3100 ab
1600 3039 1878 3101 Antonio
1919 3040 1997 3100 ad
2023 3039 2334 3104 Caesarem
2367 3039 2725 3120 transfugit,
2780 3036 3034 3102 Asinius

828 3132 1026 3194 Pollio
1072 3130 1389 3198 orationes
1440 3136 1711 3216 paravit.
1760 3137 1854 3197 Ac
1907 3137 2247 3200 verisimile
2291 3149 2412 3211 est,
2442 3133 2785 3210 Pollionem
2827 3133 3033 3198 odisse

826 3232 1127 3302 Plancum
1158 3235 1320 3309 ideo,
1351 3237 1512 3316 quod
1545 3255 1742 3316 pravo
1771 3237 1979 3297 animo
2007 3238 2161 3301 alias
2190 3237 2313 3299 alio
2355 3249 2638 3320 tempore
2683 3247 2892 3320 partes
2930 3255 3029 3297 se·

827 3341 1004 3392 cutus
1042 3343 1134 3398 est
1175 3333 1613 3414 dominumque
1653 3333 1797 3422 plus·
1822 3335 2013 3397 semel
2062 3331 2486 3397 commutavit.
2533 3335 2632 3396 De
2674 3353 2746 3396 eo
2781 3332 3032 3415 copiose

828 3428 959 3510 agit
982 3432 1387 3495 Ruhnkenius
1416 3436 1497 3497 ad
1525 3434 1746 3497 Vellei.
1782 3436 1877 3512 11,
1913 3436 2021 3498 63.

911 3529 1075 3594 Plin.
1123 3534 1282 3597 Hist.
1334 3537 1415 3597 N.
1448 3535 1514 3597 in
1544 3536 1785 3619 prael'at.
1824 3549 1981 3599 extr.
2025 3535 2135 3597 lib.
2171 3538 2199 3597 1
2228 3559 2244 3598 :
2278 3537 2411 3599 Nec
2443 3537 2712 3601 Plancus
2752 3532 3026 3617 illepide,

830 3649 970 3692 cum
998 3630 1334 3704 diceretur,
1361 3632 1620 3692 Asinius
1648 3633 1852 3693 Pollio
1875 3636 2182 3694 orationes
2213 3638 2277 3696 in
2320 3654 2459 3692 eum
2480 3652 2735 3712 parare,
2766 3653 2907 3716 quoe
2957 3631 3034 3689 ab

827 3730 961 3805 ipso
1000 3742 1104 3787 aut
1139 3728 1358 3788 liberis
1395 3745 1537 3808 post
1577 3744 1838 3790 mortem
1886 3730 2111 3790 Planci
2159 3731 2499 3803 ederentur,
2550 3750 2629 3788 ne
2668 3727 3035 3808 respondem

824 3839 1036 3901 posset
1056 3850 1077 3883 .·
1103 3845 1242 3886 cum
1264 3826 1522 3890 mortuis
1549 3824 1801 3889 nonnisi
1822 3827 2027 3889 larvas
2055 3827 2304 3889 luctari.
2343 3826 2484 3906 Quo
2503 3823 2674 3887 dicto
2691 3827 2787 3887 sic
2817 3845 3027 3911 reper-

829 3924 1021 3986 cussit
1042 3921 1200 4001 illas,
1233 3935 1303 3986 ut
1321 3927 1483 4008 apud
1503 3926 1780 3989 eruditos
1810 3924 1968 3988 nihil
1989 3925 2406 4006 impudentius
2420 3925 2761 4009 judicetur.
2868 3908 2879 3917 ⁹
