3367 5417
1809 362 1899 431 30

757 500 952 561 terius
987 499 1189 578 gloria
1226 500 1411 565 alteri
1462 519 1716 583 prorsus
1761 500 2062 563 officeret.
2122 504 2295 566 Gens
2339 497 2727 580 Sempronia,
2776 498 2958 581 cujus

754 610 1012 658 stemma
1033 596 1268 658 habent
1283 596 1661 679 Glandorp.,
1695 611 1760 658 et
1799 597 2012 675 Sigon.
2045 598 2124 660 ad
2157 597 2296 659 Liv.
2327 599 2433 670 lv,
2472 594 2579 669 44,
2604 606 2734 654 tum
2761 597 2956 677 patri·

757 697 878 772 cia,
909 709 1321 776 cognomento
1348 698 1781 760 Atratinorum
1809 699 1946 771 suit,
1994 696 2169 778 cujus
2193 712 2330 781 post
2363 717 2425 759 a.
2459 697 2586 758 350
2612 714 2760 757 rara
2785 715 2957 758 men·

756 796 847 857 tio
874 808 1002 870 est3
1034 810 1163 857 tum
1191 796 1436 878 plebeia
1473 795 1658 875 longe
1683 796 2047 872 clarissima,
2079 797 2451 875 Longomm,
2483 793 2952 866 Tuditauorum,

755 897 1182 958 Gracchorum
1232 894 1603 975 imaginibus
1646 896 1924 958 illustr‘m.
1979 897 2411 960 Gracchorum
2473 913 2812 973 cognomen
2869 893 2953 956 ab

756 999 966 1078 AEquis
986 1001 1369 1079 desumptum
1388 998 1592 1060 videri
1618 1010 1845 1080 potest,
1867 1001 2030 1079 apud
2059 1019 2209 1080 quos
2233 998 2320 1081 (v.
2355 997 2493 1061 Liv.
2527 998 2647 1069 111,
2682 997 2762 1058 25
2785 996 2805 1075 )
2831 996 2954 1058 for·

756 1108 916 1157 tasse
962 1096 1360 1177 praenominis
1408 1097 1607 1158 instar
1653 1095 1803 1164 suit,
1861 1109 1930 1156 ut
1978 1097 2172 1158 multa
2218 1109 2499 1158 veterum
2545 1095 2950 1177 praenomina,
3031 1091 3040 1102 '

758 1193 1069 1274 Agrippae,
1103 1194 1400 1265 Postumi,
1439 1192 1714 1274 Vopisci,
1745 1193 1902 1255 Tulli
1927 1238 1944 1266 ,
1981 1196 2117 1255 Atti
2158 1215 2216 1255 s.
2277 1199 2436 1255 Attae
2472 1193 2540 1254 in
2585 1194 2953 1271 cognomina

757 1289 1068 1352 abierunt.
1123 1293 1316 1353 Pater
1362 1289 1461 1351 Ti.
1522 1290 1920 1372 Sempronius
1966 1292 2061 1351 Ti.
2112 1293 2183 1351 F.
2219 1291 2544 1355 Gracchus
2588 1307 2715 1351 non
2758 1289 2955 1368 magis

754 1387 990 1449 duobus
1016 1389 1435 1450 consulatibus
1472 1400 1539 1449 et
1569 1408 1835 1450 censura
1863 1388 2166 1469 rebusque
2211 1390 2278 1450 in
2333 1387 2630 1471 Hispania
2657 1387 2795 1469 pari
2831 1386 2952 1448 sor-

756 1484 1022 1547 titudine
1049 1497 1113 1548 et
1138 1486 1467 1547 sanctitate
1482 1486 1671 1564 gestis
1691 1486 1950 1565 insignis
1979 1507 2160 1567 quam
2184 1486 2375 1548 nobili
2398 1506 2538 1547 cnm
2562 1480 2953 1565 Scipionibus

754 1584 1064 1647 simultate
1090 1586 1393 1667 deposita.
1439 1585 1748 1667 Eloquens
1779 1605 1906 1649 non
1951 1585 2090 1647 fuit.
2121 1588 2278 1648 Nam
2314 1587 2514 1670 major
2539 1584 2858 1647 Ciceronis
2882 1584 2952 1645 in

750 1681 921 1743 libro
940 1683 1216 1745 Deorat.
1245 1685 1298 1757 1,
1335 1683 1397 1756 9,
1432 1684 1574 1744 coll.
1603 1705 1663 1746 c.
1695 1681 1805 1757 48,
1830 1685 2169 1746 auctoritas
2197 1704 2380 1764 quam
2404 1684 2474 1745 in
2502 1685 2692 1745 Bruto
2732 1701 2792 1742 c.
2845 1681 2949 1754 21,

756 1799 876 1859 quo
905 1781 1041 1843 loco
1070 1800 1285 1842 omnes
1311 1781 1552 1841 nobiles
1572 1780 1930 1861 eloquentes
1955 1783 2134 1843 fuisse
2152 1784 2480 1844 ostendere
2497 1782 2689 1862 cupit.
2717 1780 2952 1842 Contra

755 1875 872 1937 filii
895 1875 1217 1951 fecerunt3
1263 1896 1390 1939 non
1420 1876 1664 1957 quidem
1692 1878 2087 1957 prudentiam
2116 1879 2364 1942 civilem
2393 1897 2535 1941 cum
2561 1895 2723 1939 vana
2767 1895 2951 1958 popu-

756 1969 982 2034 larium
1029 1972 1348 2035 hominum
1396 1973 1595 2050 gloria
1642 1986 2068 2053 permutantes
2092 2022 2110 2050 ,
2151 1978 2260 2037 sed
2301 1974 2463 2037 alter
2501 1987 2710 2036 tamen
2753 1975 2953 2035 minus

754 2074 1120 2155 prudenter,
1169 2073 1331 2136 alter
1371 2072 1629 2134 nimium
1676 2072 1977 2136 iracunde
2012 2077 2079 2136 in
2128 2076 2431 2157 procellas
2479 2074 2719 2135 ruentis
2751 2075 2953 2156 reipu-

756 2171 943 2235 blicae
964 2172 1315 2255 praecipites
1334 2169 1465 2233 dati
1489 2171 1811 2234 interiere.
1851 2175 2002 2235 Post
2030 2194 2134 2236 eos
2160 2195 2312 2237 rara
2336 2175 2768 2239 Gracchorum
2788 2193 2953 2235 men·

757 2271 880 2347 tio;
920 2283 986 2332 et
1025 2271 1273 2333 videtur
1312 2289 1615 2332 consensu
1657 2269 2003 2332 nobilitatis
2033 2270 2282 2333 infausti
2317 2271 2584 2332 nominis
2608 2291 2763 2349 gens
2788 2292 2826 2332 a
2854 2292 2955 2353 pe-

760 2371 962 2432 tendis
981 2371 1319 2432 honoribus
1345 2370 1669 2432 deterrita.
1712 2371 1853 2430 Tib.
1886 2371 2202 2431 Gracchus
2226 2385 2408 2433 natus
2422 2374 2670 2433 videtur
2697 2373 2869 2432 circa
2891 2392 2947 2432 a.

760 2464 911 2543 587,
943 2479 1051 2528 aut
1100 2469 1246 2541 589,
1279 2486 1422 2529 cum
1448 2478 1715 2547 quaestor
1738 2466 1805 2527 in
1838 2468 2139 2550 Hispania
2163 2466 2351 2528 fuerit
2376 2488 2437 2529 a.
2468 2467 2622 2527 616.
2644 2464 2954 2553 [Fortasse

756 2580 966 2630 tamen
982 2568 1114 2651 jam
1144 2571 1289 2643 585,
1334 2569 1387 2629 si
1410 2567 1655 2648 quidem
1696 2587 1805 2629 suo
1835 2588 2005 2630 anno
2036 2582 2298 2649 quaestor
2319 2582 2480 2631 erat.
2545 2562 2782 2653 West.]
2817 2565 2951 2629 Tri·

759 2662 1080 2736 bunatum,
1115 2685 1294 2745 quem
1334 2676 1399 2724 et
1426 2664 1522 2726 ira
1550 2663 1876 2725 Hostiliani
1904 2663 2150 2726 foederis
2178 2664 2409 2726 sublati
2437 2665 2728 2726 incensus
2748 2676 2812 2725 et
2831 2664 2952 2745 ple-

757 2763 857 2824 bis
883 2762 1294 2828 infortunium
1324 2766 1651 2827 miseratus
1691 2784 1753 2825 a.
1787 2763 1912 2825 620
1951 2766 2158 2843 gessit,
2210 2785 2334 2826 non
2362 2765 2811 2838 enarrabimus,
2853 2784 2953 2825 ne·

760 2881 878 2942 que
904 2865 1279 2945 copiosiores
1314 2883 1514 2946 neque
1542 2863 1997 2945 eloquentiores
2021 2864 2213 2927 futuri
2256 2865 2613 2936 Plutarcho,
2647 2863 2950 2947 Appiano,

764 2959 1023 3035 Velleio,
1066 2962 1222 3023 aliis.
1275 2963 1392 3024 Hic
1421 2981 1562 3023 cum
1586 2963 1795 3022 -sratre
1821 2961 1983 3022 solus
2013 2981 2091 3022 ex
2129 2962 2446 3024 duodecim
2478 2960 2776 3043 partubus
2812 2960 2952 3022 reli·

760 3080 915 3140 quus
942 3058 1211 3143 (Seneca
1257 3062 1505 3126 Consol.
1556 3063 1633 3123 ad
1680 3063 1875 3123 Marc.
1915 3082 1974 3122 c.
2011 3059 2119 3136 163
2170 3061 2489 3125 Plutarch.
2543 3062 2686 3124 Vita
2735 3082 2796 3124 c.
2855 3062 2876 3120 1
2901 3061 2947 3144 ),

758 3157 825 3218 in
852 3154 1093 3235 gremio
1111 3159 1329 3220 matris
1354 3160 1648 3220 educatus
1668 3155 1987 3235 ingenium
2005 3160 2187 3237 longe
2207 3159 2776 3240 praestantissimum
2796 3157 2955 3217 illius

759 3258 1202 3322 consuetudine
1229 3271 1294 3321 et
1309 3257 1658 3321 lectissimis
1680 3259 1990 3337 magistris
2018 3261 2325 3321 eruditum
2353 3260 2593 3321 habuit.
2620 3259 2955 3340 Utriusque

760 3361 853 3422 rei
883 3381 963 3423 ex
983 3362 1154 3423 omni
1177 3361 1548 3442 antiquitate
1591 3371 1780 3421 testes
1806 3374 1970 3422 sunt.
2000 3362 2347 3424 Videantur
2373 3362 2508 3424 Cic.
2555 3364 2732 3448 Brut.
2759 3383 2818 3422 c.
2848 3360 2951 3430 27,

765 3455 1055 3531 lO3‚etc.
1084 3459 1188 3533 58,
1212 3458 1358 3529 211,
1401 3458 1497 3518 De
1519 3447 1780 3537 harus'p.
1798 3475 1961 3537 resp.
1990 3478 2046 3520 c.
2089 3460 2188 3532 19,
2213 3459 2479 3541 Quintil.
2515 3461 2569 3533 Ι,
2607 3463 2662 3533 1,
2696 3462 2757 3532 6,
2784 3454 2948 3517 Plin.

762 3555 915 3634 Epp.
947 3561 999 3632 1,
1044 3559 1151 3637 20,
1188 3543 1556 3622 Plutarchus
1582 3554 1649 3619 in
1683 3555 1828 3619 Vita
1867 3579 1924 3620 c.
1968 3561 2029 3621 8.
2075 3561 2152 3621 Hi
2203 3562 2279 3622 de
2307 3560 2580 3639 ingenio,
2619 3560 2696 3621 de
2735 3556 2955 3618 matris

761 3652 1092 3733 elegantia,
1127 3662 1204 3721 de
1245 3660 1570 3742 Diophane
1597 3660 1947 3743 Mitylenaeo
1974 3661 2273 3741 magistro
2316 3661 2730 3722 consentiunt.
2763 3658 2952 3735 Egre-

762 3750 929 3828 gium
972 3754 1050 3813 de
1087 3756 1390 3820 Corneliae
1418 3757 1627 3820 animo
1676 3769 1742 3817 et
1772 3756 1935 3819 culto
1968 3758 2214 3819 dicendi
2249 3777 2480 3836 genere
2527 3761 2954 3820 documentum

658 3839 667 3848 “
764 3848 1035 3929 Epistola
1055 3854 1243 3913 estad
1262 3853 1477 3915 Caium
1504 3852 1700 3913 filium
1725 3854 1980 3934 scripta,
2009 3865 2077 3912 ut
2107 3873 2246 3913 eum
2278 3873 2316 3912 a
2341 3851 2667 3915 tribunatu
2693 3851 2953 3934 petendo

762 3945 1142 4024 deterreret3
1174 3961 1373 4010 exstat
1392 3951 1559 4010 inter
1586 3948 1866 4011 Cornelii
1882 3948 2136 4030 Nepotis
2164 3949 2530 4027 fragmenta.
2565 3952 2659 4010 De
2686 3969 2806 4030 qua
2831 3966 2952 4008 non

764 4056 935 4106 recte
956 4044 1205 4125 quidam
1233 4047 1515 4109 dubitare
1537 4047 1850 4109 videntur.
1889 4040 1943 4130 [1
1953 4061 2092 4110 nter
2117 4049 2228 4112 hos
2247 4049 2513 4111 maxime
2539 4045 2955 4111 memorabilis

771 4142 1057 4224 Longius,
1090 4148 1155 4208 in
1178 4146 1348 4209 Actis
1370 4148 1705 4210 Seminarii
1728 4148 1889 4231 Lips.
1922 4149 2042 4210 vol.
2073 4151 2159 4225 11,
2195 4169 2254 4231 p.
2295 4152 2404 4212 177
2440 4171 2574 4232 sqq.
2613 4150 2949 4212 Westerm.
