3367 5417
619 4070 752 4145 158

1852 425 1991 501 272

955 566 1329 634 'must-eta.
1355 563 1473 617 Sam
1491 523 1677 618 Cieero
1698 564 1756 615 in
1774 562 2061 617 Hortensio
2077 561 2284 618 dixerat
2299 564 2405 637 (ap.
2428 563 2661 616 Nonium
2680 580 2742 634 p.
2757 564 2885 630 216,
2909 569 3021 637 13):

954 646 1339 721 solertiamque
1362 665 1496 709 ean,
1514 650 1621 716 [ut]
1633 653 1811 719 posset
1836 647 1923 700 vel
1942 647 1994 699 in
2023 645 2218 719 tegulis
2236 644 2587 720 praemineat-e
2611 654 2831 702 ostreas.

900 1044 1036 1109 Cic.
1059 1043 1242 1108 Orat.
1265 1043 1346 1108 66
1370 1065 1386 1105 :
1417 1043 1542 1109 Sed
1562 1041 1720 1106 nihil
1738 1054 1868 1107 tam
1889 1042 2079 1106 debet
2101 1062 2234 1106 esse
2258 1060 2678 1119 numerosum,
2700 1061 2885 1124 qnam
2902 1042 3022 1106 hoe

814 1144 973 1226 qnod
1002 1140 1261 1204 minime
1288 1153 1554 1226 apparet
1579 1151 1645 1204 et
1662 1140 1835 1203 valet
1857 1138 2216 1224 plurimum.
2241 1142 2334 1203 Ex
2355 1140 2473 1202 hoc
2494 1159 2728 1219 genere
2747 1137 2902 1202 iuud
2928 1153 3027 1203 est

815 1237 1063 1305 Crassi:
1095 1240 1330 1301 Missos
1344 1240 1591 1318 faciant
1610 1253 1900 1319 patronos
1908 1260 1940 1313 ,·
1972 1242 2099 1317 1‘pst'
2112 1238 2435 1316 prodeam.
2475 1237 2604 1297 Cur
2635 1238 3024 1299 chadesuvats

812 1341 1085 1403 consiliis
1106 1362 1217 1401 nos
1238 1353 1582 1421 oppugnant
1602 1336 1636 1396 Ρ
1656 1359 1772 1399 cur
1788 1338 1868 1397 de
1881 1338 2175 1419 perfugis
2195 1341 2417 1399 nostn‘s
2434 1343 2644 1416 copias
2663 1352 3025 1418 comparum

813 1455 1023 1501 contra
1050 1459 1164 1499 nos
1184 1435 1219 1497 Ρ

888 1589 1098 1657 Crassi]
1123 1589 1225 1643 hoc
1250 1608 1316 1643 ex
1339 1589 1594 1642 concione
1620 1599 1806 1641 eontra
1831 1586 2142 1660 popularem
2168 1586 2451 1640 factionem
2477 1598 2571 1639 aut
2603 1604 2672 1639 ex
2701 1587 2939 1641 oratione
2961 1587 3022 1641 in

960 1677 1270 1750 Philippum
1294 1677 1524 1749 petitum
1547 1675 1836 1729 arbitratur
1862 1674 2101 1728 Ellendt.

883 1819 1181 1887 comparant
1205 1820 1385 1866 contra
1410 1817 1522 1881 nos]
1546 1812 1880 1866 numerosior
1895 1823 1978 1865 est
1994 1808 2322 1879 Quintiliani
2339 1808 2498 1864 lectio
2517 1811 2636 1880 (ῘΧ,
2659 1811 2713 1873 4,
2741 1812 2862 1880 101)
2876 1831 2892 1864 =
2910 1811 3024 1866 Cur

963 1900 1029 1952 de
1043 1895 1287 1971 pertinge}
1308 1897 1499 1952 nostris
1520 1899 1693 1968 copias
1714 1902 1978 1967 comparat
1999 1896 2045 1948 is
2067 1901 2248 1948 contra
2270 1915 2380 1949 nos.

1143 2115 1392 2186 XLVI.
1447 2115 1539 2205 Q.
1567 2114 1846 2185 Mucius
1884 2111 2225 2202 Scaevola,
2258 2115 2466 2186 Pont.
2502 2114 2686 2186 Max.

896 2358 1034 2422 cic.
1056 2360 1235 2419 Brut.
1260 2375 1322 2418 c.
1341 2356 1450 2433 44,
1475 2356 1592 2420 163
1615 2378 1631 2419 z
1656 2356 1943 2420 Scaevoloe
1961 2354 2214 2420 dicendi
2234 2359 2604 2441 elegantiam
2623 2361 2774 2423 satis
2794 2381 2873 2424 ex
2894 2362 3021 2426 illis

814 2457 1215 2532 orationibus,
1243 2478 1399 2543 quas
1423 2458 1684 2543 reliquit,
1716 2458 2013 2526 habemus
2035 2461 2371 2541 eognitam.

898 2559 1352 2637 Argumentum
1379 2553 1682 2620 orationis
1712 2557 2000 2646 Scaevolae
2026 2577 2143 2641 pro
2171 2560 2258 2621 M.
2285 2558 2568 2642 Coponio
2595 2560 2665 2622 in
2687 2578 2872 2622 causa
2893 2559 3017 2624 Cu-

811 2658 994 2721 riana
1017 2652 1243 2721 Cicero
1270 2655 1561 2719 recenset
1596 2656 1667 2718 in
1700 2658 1874 2719 Brut.
1912 2677 1970 2719 c.
1999 2657 2104 2720 52.
2132 2692 2216 2706 —-
2260 2657 2437 2721 Dixit
2472 2672 2599 2721 tum
2630 2659 2703 2721 L.
2739 2658 3018 2724 Licinius

812 2758 1071 2822 Crassus
1099 2756 1397 2818 adversus
1419 2753 1783 2829 Scaevolam,
1810 2752 1918 2838 qui
1938 2752 2102 2839 juris
2129 2756 2539 2838 peritissimus
2565 2753 2686 2817 suit
2709 2756 3016 2822 Romano·

811 2873 951 2919 rum
970 2865 1274 2917 veterum.
1320 2849 1549 2916 Consul
1585 2850 1702 2913 fuit
1729 2872 1867 2915 eum
1894 2852 2108 2915 eodem
2130 2852 2356 2918 Crasso
2384 2874 2445 2916 a.
2468 2857 2553 2922 U.
2578 2853 2727 2917 658.
2775 2851 3014 2918 Distin-

810 2954 1087 3034 guendus
1109 2973 1144 3014 a
1166 2952 1247 3035 Q.
1276 2952 1480 3015 Mucio
1499 2949 1772 3016 Scoevola
1794 2970 2048 3032 augure.

1543 3183 1831 3254 XLVII.
1892 3182 1980 3254 C.
2008 3182 2269 3269 Titius.

894 3431 1026 3494 Cic.
1051 3432 1232 3492 Brut.
1257 3447 1314 3490 c.
1340 3424 1446 3502 45,
1478 3425 1633 3488 1672
1662 3422 1950 3507 Ejusdem
1975 3422 2104 3487 fere
2131 3424 2426 3509 temporis
2448 3444 2590 3489 cum
2611 3427 2685 3489 L.
2708 3425 2935 3492 Crasso
2952 3443 3015 3495 et

811 3530 883 3592 L.
910 3526 1198 3609 Philippo
1237 3522 1353 3585 suit
1388 3541 1575 3605 eques
1600 3522 1940 3596 Romanus,
1982 3520 2057 3586 C.
2083 3521 2308 3598 Titius,
2340 3524 2446 3607 qui
2487 3543 2628 3588 meo
2659 3524 2902 3608 judicio
2942 3549 3015 3593 eo

806 3620 1164 3710 pervenisse
1192 3620 1463 3693 videtur,
1496 3639 1616 3702 quo
1652 3619 1852 3703 potuit
1888 3619 2022 3682 sere
2060 3619 2319 3682 Latinus
2354 3633 2572 3685 orator
2604 3622 2741 3685 sine
2774 3624 3016 3691 Graecis

808 3727 1011 3793 literis
1049 3737 1116 3788 et
1149 3724 1285 3788 sine
1313 3723 1506 3794 multo
1537 3742 1649 3785 usu
1676 3721 2034 3805 pervenire.
2064 3719 2262 3804 Hujus
2288 3723 2605 3788 orationes
2631 3737 2880 3790 tantum
2914 3749 3012 3792 ar·

807 3825 1142 3906 gutiarum,
1182 3833 1425 3884 tantum
1462 3820 1907 3901 exemplorum,
1949 3830 2192 3882 tantum
2232 3819 2611 3885 urbanitatis
2647 3821 2909 3900 habent,
2946 3838 3014 3889 ut

806 3945 987 4011 poene
1020 3924 1235 3988 Attico
1274 3920 1417 3986 stilo
1457 3921 1706 4005 seriptae
1744 3940 1876 3983 esse
1911 3920 2265 3984 videantur.
2317 3923 2578 3986 Easdem
2620 3924 2903 4006 argutias
2944 3925 3015 3992 in

809 4027 1144 4108 tragoedias
1171 4026 1325 4089 satis
1352 4024 1460 4087 ille
1489 4024 1734 4105 quidem
1763 4033 1975 4096 acute,
2007 4023 2115 4085 sed
2144 4042 2369 4106 parum
2399 4025 2637 4105 tragice
2667 4030 3007 4093 transtulit.

885 4129 1110 4192 Nescio
1138 4148 1220 4190 an
1249 4124 1414 4190 idem
1442 4126 1528 4188 sit
1553 4123 1992 4204 intelligendus
2038 4124 2105 4187 in
2147 4121 2354 4188 Dione
2394 4126 2608 4191 Cassio
2644 4128 2895 4210 Fragm.
2932 4151 3012 4195 ex

799 4225 980 4287 libris
1009 4226 1200 4307 prior.
1247 4244 1310 4283 n.
1364 4222 1508 4284 114.
1542 4233 1680 4292 Γάῖος
1717 4231 1879 4292 Τίτιος
1924 4232 2041 4303 ἀνὴρ
2091 4232 2322 4305 ἀγοραῖος
2359 4217 2533 4286 ml'dx
2573 4231 2887 4309 δικαστηρίων
2927 4243 3010 4293 τὸν
