3367 5417
638 2159 723 2235 47

1808 459 1942 530 150

785 596 1170 678 rogationem
1195 597 1375 679 hujus
1397 596 1550 675 legis
1566 598 1635 659 in
1659 598 2046 659 consulatum
2069 594 2154 659 Μ.
2176 592 2350 657 Junii
2371 594 2550 657 Bruti
2576 604 2642 656 et
2663 595 2741 655 Α.
2765 592 2985 655 Manlii

786 696 1106 771 Volsonis,
1147 692 1216 757 in
1243 715 1475 758 annum
1503 696 1697 777 igitur
1727 699 1875 769 575,
1913 697 2112 761 refert
2138 688 2341 778 (Epit.
2370 694 2574 780 XLI),
2608 692 2660 755 si
2690 691 2985 756 Mauritio

783 797 958 859 Kind
978 799 1044 859 in
1063 797 1514 863 Dissertatione
1533 799 1610 860 de
1627 799 1764 878 lege
1772 799 2050 863 Voconia
2075 816 2219 880 pag.
2236 799 2298 873 5,
2320 795 2471 858 fides
2491 808 2652 859 esset
2668 795 2980 859 habenda.

785 891 1041 975 Pighius
1062 913 1300 979 quoque
1327 898 1404 959 ad
1430 918 1491 960 a.
1511 897 1636 962 584·
1656 894 1960 962 decennio
1986 897 2119 962 fere
2144 893 2321 980 prins
2343 895 2535 959 latam
2559 894 2719 957 velle
2738 891 2983 959 Livium

783 992 955 1057 illam
997 996 1198 1076 legem
1219 1044 1236 1072 ‚
1286 1016 1468 1078 quam
1506 998 1734 1060 Cicero
1774 997 2121 1080 scripserit,
2153 992 2330 1059 dicit.
2381 993 2549 1059 Livii
2572 994 2768 1058 verba
2795 1008 2940 1057 sunt
2962 1022 2980 1055 ε

789 1095 869 1177 Q.
921 1093 1227 1160 Voconius
1268 1097 1446 1157 Saxa
1490 1096 1762 1158 tribunus
1799 1098 1892 1177 pt.
1938 1096 2142 1178 Iegem
2188 1095 2320 1156 tulit
2332 1142 2355 1170 ,
2402 1116 2481 1156 ne
2521 1099 2658 1181 quis
2701 1092 2985 1156 heredem

785 1191 1109 1252 mulierem
1136 1196 1493 1257 institueret.
1536 1194 1742 1254 Suasit
1774 1194 1977 1275 legem
2014 1194 2112 1256 M.
2143 1192 2291 1253 Cato
2311 1218 2332 1251 .-
2370 1207 2576 1252 exstat
2600 1196 2800 1252 oratio
2825 1189 2982 1274 ejus·

783 1288 906 1373 Sed
925 1286 1208 1372 Epitome
1237 1289 1342 1350 illa
1364 1286 1530 1351 Livii
1557 1303 1701 1353 acta
1727 1287 2160 1373 complectitur
2182 1289 2332 1350 inde
2359 1288 2438 1350 ab
2464 1307 2631 1350 anno
2650 1286 2772 1351 574
2798 1309 2987 1370 usque

785 1388 862 1449 ad
881 1389 1029 1464 579,
1069 1389 1136 1450 in
1168 1409 1349 1471 quem
1378 1409 1610 1452 annum
1647 1390 1812 1453 hanc
1848 1393 2047 1470 legem
2078 1389 2301 1465 refero,
2336 1387 2479 1470 quia
2500 1388 2681 1461 Cato,
2714 1385 2987 1470 quinque

786 1499 853 1549 et
882 1490 1203 1569 sexaginta
1241 1509 1436 1554 annos
1462 1501 1665 1564 natus,
1710 1492 1908 1571 legem
1927 1491 2264 1554 Voconiam
2297 1489 2556 1552 suasisse
2585 1489 2838 1552 dicitur.
2886 1489 2988 1553 Se·

786 1591 1055 1653 cundum
1087 1588 1367 1666 Livium,
1408 1602 1479 1653 ut
1504 1611 1692 1676 supra
1723 1594 1855 1655 dixi
1885 1594 1952 1655 in
1980 1591 2281 1675 prooemio
2309 1592 2591 1666 Catonis»,
2622 1592 2780 1657 Cato
2809 1605 2989 1655 natus

785 1700 880 1750 est
908 1709 968 1750 a.
994 1689 1155 1752 5142
1195 1690 1386 1753 suasit
1423 1710 1573 1772 ergo
1611 1693 1777 1755 hanc
1813 1693 2013 1771 legem
2039 1693 2204 1766 5793
2250 1692 2586 1755 secundum
2613 1689 2987 1756 Ciceronem

783 1806 935 1850 vero
957 1787 1137 1862 Cato,
1170 1802 1356 1854 natus
1384 1792 1529 1862 5¹9,
1562 1810 1679 1873 pro
1708 1811 1784 1854 ea
1810 1789 1970 1855 dixit
2000 1813 2059 1854 a.
2086 1792 2230 1854 584.
2264 1793 2469 1873 Atque
2490 1791 2805 1872 epitomen
2824 1788 2986 1853 Livii

782 1902 958 1969 gesta
985 1887 1237 1953 nonnisi
1266 1892 1516 1954 illorum
1546 1911 1853 1955 annorum
1885 1892 2234 1974 complecti,
2263 1912 2381 1955 nec
2411 1892 2575 1954 ultra
2606 1913 2838 1953 annum
2864 1894 2986 1957 579

783 1992 1149 2071 procedere,
1181 2011 1260 2053 ex
1299 2013 1373 2055 eo
1413 2013 1654 2074 quoque
1697 1993 1906 2073 colligi
1942 2006 2165 2076 potest,
2199 1996 2362 2076 quod
2389 1993 2556 2056 liber
2584 1994 2750 2056 xut
2785 1994 2864 2055 ab
2908 1991 2990 2055 iis

782 2083 1029 2167 incipit,
1050 2106 1187 2167 quae
1210 2107 1377 2151 anno
1401 2085 1522 2152 580
1540 2102 1717 2169 gesta
1744 2101 1913 2151 sunt.

861 2180 1105 2246 Gellius
1142 2184 1343 2259 xvll,
1390 2188 1474 2248 6:
1521 2188 1609 2247 M.
1654 2186 1811 2250 Cato
1846 2183 2192 2249 Voconiam
2233 2186 2438 2265 legem
2478 2186 2742 2248 suadens
2780 2187 2990 2249 verbis

783 2276 953 2340 hisce
988 2298 1132 2341 usus
1168 2294 1265 2341 est
1287 2302 1305 2341 ε
1330 2280 1646 2362 Principio
1684 2282 1870 2343 vobis
1914 2282 2139 2342 mulier
2179 2302 2472 2362 magnam
2509 2283 2714 2343 dotem
2756 2283 2949 2342 attulit
2964 2330 2983 2361 ,

780 2389 908 2435 tum
956 2398 1247 2459 magnam
1285 2385 1613 2457 pecuniam
1654 2386 1874 2461 recipit
1888 2427 1910 2455 ,
1955 2401 2141 2467 quam
2184 2382 2248 2440 in
2288 2387 2418 2441 viri
2459 2395 2824 2462 potestatem
2870 2403 2988 2443 non

785 2483 1109 2539 committit
1138 2505 1162 2539 .-
1207 2500 1350 2540 eam
1386 2486 1717 2559 pecuniam
1759 2485 1895 2543 viro
1940 2480 2211 2543 mutuam
2249 2482 2352 2542 dat
2362 2510 2392 2562 ,·
2431 2498 2650 2562 postea
2687 2483 2795 2543 ubi
2831 2485 2989 2542 irata

762 2573 953 2652 ficta
970 2589 1084 2649 est,
1114 2596 1353 2639 servum
1378 2582 1762 2658 receptitium
1786 2583 2017 2639 sectari
2049 2574 2534 2665 atque-flagitare
2562 2584 2773 2639 virum
2782 2574 2982 2662 jubet.

852 2706 1063 2776 attulit]
1083 2709 1138 2761 in
1158 2708 1287 2762 edit.
1304 2711 1563 2765 Gronovii
1580 2712 1699 2765 voci
1722 2713 1834 2765 hoec
1860 2710 2129 2781 adnotatio
2150 2709 2391 2783 subjecta
2414 2725 2529 2766 θεῖε
2556 2736 2582 2763 α
2607 2711 2819 2765 Attulit
2834 2712 2893 2765 t'd
2903 2722 2987 2767 est

922 2793 1106 2863 affert,
1123 2801 1186 2848 ut
1202 2795 1434 2866 explieat
1450 2798 1720 2869 Sosipater
1734 2797 1833 2853 lib.
1853 2801 1884 2852 3
1904 2819 1918 2851 ε
1941 2797 2169 2864 Sustuli,
2188 2800 2305 2877 ejus
2309 2798 2543 2871 perfecti
2558 2797 2760 2852 iustam
2776 2799 2988 2854 sustulo

924 2882 1040 2938 est,
1076 2886 1238 2949 atque
1271 2877 1508 2934 dicebant
1545 2879 1786 2953 antiqui:
1829 2883 2076 2954 Magnam
2107 2880 2283 2935 dotem
2319 2883 2385 2935 ad
2419 2901 2518 2935 nos
2552 2881 2772 2935 attollit.
2817 2884 2950 2937 Cato
2968 2906 2987 2936 .-

926 2962 1169 3034 Magnam
1194 2962 1371 3019 dotem
1394 2964 1607 3031 attulitg
1645 2966 1792 3037 quod
1816 2964 2073 3040 genuinum
2102 2973 2203 3021 est.
2240 2969 2426 3021 Dotem
2459 2966 2648 3020 attala
2673 2974 2759 3021 est
2792 2969 2985 3040 adfert.

925 3047 1110 3100 Dotem
1126 3047 1318 3101 attulit
1332 3056 1387 3102 et
1404 3049 1572 3103 dotem
1589 3049 1813 3104 attollit.
1838 3074 1864 3100 n
1884 3050 2179 3105 Notandum
2198 3063 2301 3116 est,
2324 3051 2628 3105 Chat-isium
2648 3052 2711 3105 in
2744 3053 2989 3107 Potachii

923 3128 1053 3183 edit.
1085 3149 1142 3203 p.
1176 3133 1281 3184 220
1305 3130 1461 3204 longe
1487 3133 1691 3194 abesse,
1730 3146 1794 3187 ut
1826 3145 1907 3186 tot
1939 3133 2099 3186 verba
2133 3134 2437 3187 contineat:
2471 3133 2697 3207 legimus
2731 3135 2873 3188 enim
2910 3135 2987 3188 ibi

922 3213 1064 3267 nihil
1091 3214 1319 3287 amplius
1345 3235 1536 3288 quam:
1561 3240 1587 3268 α
1610 3217 1758 3278 cotto,
1785 3217 1947 3278 tollis,
1975 3216 2100 3278 tuli,
2126 3217 2269 3289 quod
2296 3218 2352 3271 in
2378 3216 2767 3273 consuetudine
2789 3219 2996 3271 sustuli

924 3295 1085 3350 facite
1113 3294 1233 3368 ejus
1258 3310 1431 3352 tamen
1459 3299 1683 3370 perfecti
1715 3300 1921 3353 instans
1946 3300 2087 3372 apud
2114 3312 2317 3354 veteres
2349 3302 2577 3353 sustulo.
2604 3324 2629 3350 υ
2650 3332 2713 3342 -
2754 3299 2989 3372 Reliqua

924 3401 1050 3456 ergo
1076 3382 1354 3457 interpreti
1388 3384 1668 3449 debentur,
1703 3387 1798 3457 qui
1824 3386 2047 3458 probare
2071 3387 2280 3453 studet,
2313 3385 2503 3441 attulit
2541 3389 2599 3441 in
2623 3388 2843 3442 Catonis
2868 3388 2987 3443 loco

923 3484 1041 3521 esse
1064 3485 1297 3539 proesens
1320 3480 1528 3541 tempus
1543 3488 1640 3542 pro
1657 3470 1851 3538 adfert,
1868 3490 1976 3524 non
1993 3471 2316 3543 perfectumg
2345 3490 2443 3524 nec
2469 3470 2721 3543 displicet
2744 3489 2809 3524 ea
2830 3473 2984 3535 ratio,

921 3552 1047 3623 quia
1071 3551 1131 3604 in
1157 3550 1379 3623 reliquis
1403 3552 1580 3606 verbis
1603 3552 1746 3607 idem
1761 3572 1996 3627 proesens
2020 3567 2105 3608 est
2127 3574 2457 3629 expressum.
2491 3555 2681 3622 [Immo
2696 3554 2986 3628 perfectum

922 3633 1011 3687 hic
1038 3654 1138 3689 sua
1176 3635 1562 3709 significatione
1602 3655 1764 3709 quam
1794 3638 2019 3697 maxime
2059 3639 2260 3692 dictum
2298 3645 2426 3707 est.]
2477 3638 2874 3692 Freinshemius
2928 3640 2986 3693 in

926 3719 1308 3792 Supplemento
1341 3721 1480 3776 Livii
1517 3722 1613 3775 lib.
1645 3724 1769 3777 XLI
1803 3724 1950 3779 hune
1983 3724 2162 3778 locum
2194 3726 2272 3778 sic
2305 3726 2689 3798 interpretatus
2723 3736 2807 3777 est
2828 3745 2844 3776 ε
2875 3748 2901 3776 α
2925 3727 2987 3779 ln

922 3802 1169 3859 suasione
1193 3803 1327 3878 legis
1343 3805 1594 3859 Voconiae
1608 3806 1736 3860 hinc
1755 3824 1966 3878 quoque
1983 3808 2159 3879 arguit
2175 3807 2400 3860 divitum
2416 3819 2775 3861 matronarum
2792 3807 2985 3861 fastum

922 3895 980 3937 et
1002 3887 1370 3959 arrogantiam,
1392 3887 1534 3958 quod
1551 3887 1678 3947 mae,
1705 3906 1894 3960 magna
1919 3907 2054 3960 soepe
2076 3889 2196 3941 dote
2217 3887 2404 3943 mar-t‘to
2425 3890 2617 3950 allata,
2632 3906 2875 3961 magnam
2898 3890 2994 3942 sihi

911 3971 1185 4042 pecuniam
1208 3973 1493 4047 reciperent
1515 3994 1578 4028 ac
1600 3972 1906 4035 retinerent,
1931 3992 2143 4046 eamque
2157 3974 2430 4047 pecuniam
2464 3977 2543 4030 ita
2558 3982 2749 4048 postea
2772 3974 2887 4028 viro
2901 3996 2984 4027 ro-

919 4059 1081 4131 ganti
1093 4068 1327 4115 mamam
1350 4063 1559 4123 darent,
1586 4068 1677 4123 ut,
1700 4061 1903 4132 quoties
1928 4061 2079 4116 iraeae
2103 4070 2294 4129 essent,
2332 4062 2517 4118 statim
2532 4082 2635 4136 per
2656 4062 2983 4134 recepticium

922 4160 1122 4196 servum
1144 4151 1512 4201 conseetm
1534 4152 1588 4198 et
1613 4143 1846 4216 quotidie
1849 4143 2188 4216 flagitantem
2209 4146 2534 4207 solutionum,
2559 4145 2827 4204 maun,
2847 4151 2984 4197 ean-

920 4239 1077 4291 quant
1100 4226 1371 4283 debitorem
1393 4233 1724 4287 extraneum,
1741 4225 2028 4298 inportmoe
2053 4235 2310 4300 cogerent.
2332 4251 2357 4277 n
