3367 5417
748 584 1037 652 surranum
1062 585 1157 649 est'
1181 585 1253 649 1..
1275 585 1487 649 Cassio
1503 577 1564 658 ¹⁶,
1585 605 1647 646 a.
1684 583 1807 647 646
1837 607 1876 647 a
1900 569 2212 665 Tigurinis
2237 585 2305 647 iu
2334 581 2552 668 proelio
2578 586 2939 663 interfecto3

747 690 826 752 de
853 708 972 770 quo
999 688 1235 752 honore
1262 687 1575 751 dubitasse
1602 685 1915 751 Brossium
1951 686 2180 749 nollem
2218 704 2281 770 p.
2337 685 2488 749 251.
2530 686 2655 750 Sed
2695 684 2942 769 dejecto

748 786 1147 872 competitore
1165 788 1242 848 P.
1274 785 1528 860 Rutilio,
1557 783 1947 848 nobilissimae
1975 783 2386 860 contentioni,
2417 785 2684 848 ambitus
2713 805 2857 848 reus
2877 798 2944 848 et

746 904 1161 952 accusatorem
1198 905 1375 950 suum
1403 871 1618 949 eodem
1642 885 1770 948 telo
1806 897 2046 969 petens,
2074 885 2281 949 locum
2307 883 2501 963 dedit,
2546 888 2624 950 de
2651 905 2770 968 quo
2799 905 2944 949 mox

746 989 997 1051 uberius
1011 987 1371 1049 disseretur:
1396 985 1545 1048 Post
1566 984 1699 1045 haec
1723 982 2016 1067 princeps
2052 982 2377 1046 senatoriae
2409 983 2730 1048 seutentiae
2746 986 2941 1047 maxi-

746 1086 864 1149 mis
889 1085 958 1147 in
985 1083 1176 1147 rebus
1214 1094 1516 1155 versatus,
1546 1079 1615 1142 in
1641 1081 1860 1163 primis
1894 1083 1935 1144 J
1937 1077 2285 1162 ugurthinoe
2306 1080 2558 1143 invidiae
2578 1094 2641 1144 et
2665 1081 2819 1144 belli
2847 1101 2943 1144 so-

752 1186 927 1249 cialis
942 1184 1202 1250 excitati
1221 1185 1461 1267 culpam
1488 1181 1801 1258 sustinuit,
1845 1173 2122 1266 quamvis
2156 1183 2484 1266 prudentia
2509 1195 2574 1245 et
2597 1183 2942 1247 dissimula·

749 1285 921 1348 tione
940 1285 1090 1347 satis
1109 1295 1330 1346 tectus.

840 1382 943 1447 29.
988 1383 1111 1444 Tot
1130 1392 1274 1444 sunt
1298 1393 1586 1443 ueterum
1613 1377 1689 1440 de
1714 1380 1833 1441 hoc
1872 1379 2012 1440 viro
2038 1375 2410 1451 testimonia,
2440 1389 2509 1436 ut
2541 1373 2723 1458 hujus
2749 1374 2948 1440 aetatis

750 1479 1017 1542 neminis
1043 1479 1207 1542 fama
1238 1480 1320 1541 sit
1364 1477 1682 1540 illustrior.
1719 1475 2014 1552 Moribus,
2055 1475 2110 1536 si
2145 1471 2439 1539 Ciceroni
2467 1476 2682 1538 credas
2713 1522 2730 1551 ,
2782 1474 2944 1538 nihil

751 1579 1045 1652 sanctius,
1095 1578 1253 1641 nihil
1279 1577 1549 1658 gravius,
1588 1575 1749 1640 nihil
1777 1575 2090 1656 antiquius
2119 1573 2255 1637 fuit.
2299 1576 2385 1635 At
2422 1569 2763 1648 Sallustius,
2793 1577 2946 1654 Jug.

755 1699 814 1740 c.
854 1678 957 1755 15,
1009 1692 1073 1741 et
1112 1676 1193 1740 ab
1240 1678 1360 1740 hoc
1400 1688 1724 1761 respectus
1751 1677 2012 1738 fortasse
2043 1674 2341 1750 Lucilius,
2388 1674 2752 1738 Saturarum
2799 1673 2952 1736 libri

754 1775 1013 1840 secundi
1040 1773 1432 1859 fragmentis»,
1471 1774 1707 1853 ingenii
1743 1772 2235 1854 magnitudinem
2266 1790 2406 1833 cum
2448 1791 2520 1833 ea
2560 1792 2801 1834 morum
2844 1769 2951 1832 fal-

742 1874 905 1936 lacia
928 1874 1210 1955 junctam
1238 1871 1446 1944 fuisse,
1482 1882 1553 1930 ut
1577 1869 1787 1950 specie
1813 1869 1983 1930 virtu
1992 1881 2123 1929 tum
2157 1868 2423 1949 pessima
2461 1869 2618 1931 vitia
2661 1881 2949 1949 tegeren-

748 1984 878 2045 tur,
909 1983 977 2032 et
989 1969 1098 2031 ille
1123 1969 1370 2049 quidem
1394 1985 1608 2028 rerum
1636 1966 2043 2042 documentis,
2091 1967 2613 2027 demonstrarunt.
2645 1968 2802 2029 Nam
2835 1983 2948 2028 ne·

753 2087 872 2150 que
898 2057 1209 2130 Africanae
1244 2064 1572 2143 legationis
1606 2079 1807 2142 neque
1864 2062 2217 2143 quoestionis
2247 2062 2326 2123 de
2362 2061 2499 2140 lege
2527 2061 2799 2124 Mamilia
2828 2081 2951 2125 me-

753 2167 953 2230 moria
988 2164 1462 2237 obliterabitur,
1501 2174 1567 2223 et
1596 2163 1824 2226 acerbo
1865 2163 2192 2226 avaritiam
2233 2163 2559 2225 maledicto
2599 2161 2836 2244 objecit
2872 2162 2947 2226 C.

754 2261 1077 2327 Memmius
1100 2262 1261 2343 apud
1284 2260 1423 2322 Cic.
1451 2259 1549 2320 De
1575 2272 1738 2321 orat.
1781 2261 1870 2333 Π,
1914 2261 2026 2338 ἿΟ;
2072 2274 2137 2323 et
2166 2278 2419 2338 magnas
2451 2258 2580 2320 filio
2605 2259 2950 2323 hereditate

751 2360 1004 2424 relictas
1025 2357 1274 2421 divitias
1289 2370 1532 2419 certum
1548 2356 1815 2419 videtur.
1843 2360 1948 2433 At,
1974 2373 2353 2439 quaesumma
2368 2355 2661 2419 Ciceroni
2674 2358 2808 2420 laus
2827 2368 2952 2431 est,

753 2455 1037 2520 omuibus
1068 2451 1373 2517 seditiosis
1391 2474 1429 2514 a
1452 2453 1748 2517 Graccho
1779 2455 1862 2515 ad·
1879 2454 1962 2536 Q.
2003 2455 2263 2518 Varium
2294 2452 2572 2526 obstitit3
2601 2474 2799 2535 neque
2826 2455 2954 2517 cul-

753 2557 992 2640 pandus
1040 2554 1284 2628 Cicero,
1335 2554 1498 2634 quod
1542 2553 1867 2616 seditiosos
1911 2554 2143 2638 dixerit
2192 2553 2419 2639 (Offic.
2449 2555 2506 2626 1,
2541 2553 2648 2628 22,
2691 2554 2804 2617 Or.
2837 2573 2956 2636 pro

749 2652 958 2718 Sextio
979 2672 1040 2716 c.
1079 2652 1216 2737 17).
1242 2651 1400 2713 Nam
1434 2660 1570 2732 post
1593 2651 1914 2714 Gracchos
1940 2669 2128 2715 nemo
2159 2653 2294 2714 sine
2313 2650 2582 2734 pessima
2613 2651 2958 2733 eupiditate

751 2750 1069 2833 popularis
1099 2748 1236 2810 fuit.
1281 2751 1593 2812 Proeterea
1632 2748 2032 2813 severitatem
2075 2752 2466 2812 commendat
2497 2748 2637 2813 Cic.
2680 2746 2862 2812 offic.
2897 2750 2952 2823 1,

756 2851 863 2924 80,
895 2850 1040 2914 Val.
1085 2850 1248 2911 Max.
1284 2850 1373 2922 V,
1414 2850 1478 2924 8,
1527 2848 1594 2925 4,
1626 2849 1705 2910 de
1729 2847 1858 2911 filio
1887 2848 2168 2929 graviter
2200 2851 2498 2930 castigato
2530 2860 2959 2929 argumentum

749 2959 970 3031 petens
994 2945 1156 3030 (non
1189 2947 1499 3009 luxurioso
1540 2943 1674 3017 illo,
1718 2946 1796 3007 de
1823 2963 1945 3028 quo
1973 2949 2200 3010 Ascon.
2243 2949 2319 3010 ad
2346 2949 2531 3011 Verr.
2563 2948 2616 3022 Ι,
2663 2946 2729 3019 4,
2783 2959 2850 3008 et
2889 2947 2959 3009 iu

757 3061 996 3124 argum.
1023 3042 1137 3108 Or.
1164 3063 1285 3126 pro
1310 3043 1568 3116 Scaum,
1599 3042 1765 3104 Ptin.
1800 3043 1880 3104 H.
1915 3044 1994 3106 N.
2030 3044 2204 3119 vlu,
2241 3046 2277 3106 5
2304 3056 2369 3106 et
2397 3044 2513 3117 263
2545 3042 2789 3105 XXXII
2814 3089 2837 3118 ,
2878 3045 2953 3121 Ἲς

766 3146 1055 3222 xxxvi,
1091 3145 1198 3230 2),
1230 3145 1367 3210 cic.
1402 3146 1525 3206 Pro
1551 3143 1792 3205 Fontei.
1830 3165 1885 3208 c.
1932 3147 1967 3208 7
2008 3160 2071 3209 et
2100 3147 2163 3223 ὃς
2196 3158 2263 3207 et
2287 3166 2366 3207 ex
2387 3166 2462 3209 eo
2488 3146 2652 3208 idem
2679 3145 2964 3208 Valerius

761 3245 813 3307 l.
838 3264 899 3306 c.
930 3244 1058 3309 Sed
1076 3259 1220 3305 eum
1246 3242 1473 3303 multos
1492 3240 1766 3303 omnium
1801 3241 2084 3303 ordinum
2109 3241 2368 3305 haberet
2387 3241 2696 3317 inimicos,
2726 3243 2795 3303 in
2817 3259 2960 3324 per-

753 3343 955 3425 petuis
969 3337 1383 3403 simultatibus
1404 3334 1751 3400 consenuit.
1777 3336 1998 3401 Cicero
2017 3339 2305 3422 Deprov.
2323 3359 2479 3402 coss.
2500 3359 2560 3401 e.
2587 3340 2651 3412 8,
2672 3353 2735 3401 et
2749 3337 2877 3402 off.
2899 3337 2955 3414 1,

761 3440 867 3513 22,
910 3436 1113 3500 Mario
1151 3433 1473 3496 inimicum
1515 3435 1741 3511 resert3
1781 3437 2262 3518 repetundarum
2290 3457 2434 3500 reus
2452 3436 2650 3499 factus
2677 3451 2771 3502 est
2805 3457 2845 3498 a
2872 3435 2960 3497 M.

760 3541 957 3602 Bruto
977 3582 996 3611 ,
1057 3555 1235 3620 quem
1274 3538 1658 3600 accusatoria
1709 3538 1839 3599 vita
1880 3557 1917 3600 a
1960 3537 2300 3621 majoribus
2345 3540 2716 3618 degenerem
2757 3536 2968 3598 multis

765 3637 926 3700 locis
958 3636 1183 3700 Cicero
1207 3633 1585 3710 diffamavit;
1615 3636 1684 3698 in
1708 3655 1829 3717 qua
1865 3655 2047 3699 causa
2076 3638 2391 3701 orationes
2431 3635 2719 3719 utrinque
2742 3632 2970 3695 habitae

763 3736 1033 3801 Charisii
1058 3752 1336 3820 tempore
1357 3736 1707 3800 exstabant.
1740 3739 1982 3801 Deinde
2004 3737 2237 3821 judicia
2258 3734 2449 3800 subiit
2476 3758 2514 3799 a
2540 3736 2658 3800 Cn.
2692 3735 2967 3798 Domitio

766 3831 925 3897 trib.
961 3831 1047 3915 pl.
1073 3876 1090 3905 ,
1125 3835 1209 3917 Q.
1240 3834 1558 3917 Caepioue,
1598 3833 1683 3915 Q.
1733 3834 2003 3896 Vario...
2049 3834 2323 3898 Omnino
2365 3850 2524 3915 saepe
2547 3833 2967 3917 periclitatum

772 3929 1079 3995 Asconius
1130 3930 1472 3993 adnotavit.
1518 3931 1675 3992 Erat
1730 3942 1933 3991 autem
1975 3930 2332 3991 Domitiana
2381 3931 2691 3994 accusatio
2733 3950 2807 3993 ea
2827 3979 2844 4007 ,
2899 3940 2970 3989 ut

778 4161 867 4300 sc*
899 4163 1020 4217 Nou
1058 4165 1127 4235 Q.
1177 4161 1477 4220 Hortensio.
1522 4161 1665 4218 Huic
1699 4161 1840 4218 enim
1883 4160 2147 4217 suffectus
2175 4167 2252 4236 (a.
2295 4165 2362 4218 U.
2404 4161 2539 4236 645)
2589 4163 2664 4216 M.
2718 4163 2970 4217 Aurelius

846 4265 1027 4302 aut-us.
