3367 5417
1386 436 1518 504 377

347 608 433 634 -τ-
458 572 758 639 Similiter
787 568 951 634 idem
984 570 1240 636 Servius
1286 573 1365 636 ad
1393 573 1533 636 AEn.
1575 573 1715 647 Vll,
1752 569 1835 632 30
1860 566 2057 632 dicitz
2099 597 2128 627 ι
2162 571 2347 632 Hunc
2370 576 2551 643 inter,

349 692 464 754 per
497 672 685 733 hunc.
719 672 830 732 Est
856 682 1063 732 autem
1095 670 1322 732 crebra
1352 670 1695 730 Frontonis
1714 665 2005 732 elocutio.
2034 693 2064 725 ι
2510 697 2515 702 -

839 836 1098 909 CXIX.
1160 813 1589 908 Volumnius
1636 836 2068 930 QuadratuS.

439 1018 673 1079 Fronto
701 1017 815 1098 Ep.
843 1016 923 1077 ad
957 1013 1190 1078 amicos
1232 1018 1323 1090 ΙΙ,
1357 1017 1391 1078 3
1422 1039 1438 1077 z
1474 1019 1729 1095 Legum,
1773 1013 1888 1090 fili,
1921 1015 2194 1078 libenter
2222 1014 2565 1078 orationem

358 1119 560 1192 istam,
592 1137 777 1200 quam
805 1116 1033 1179 misisti
1056 1115 1230 1192 mihi,
1266 1131 1331 1178 et
1348 1116 1401 1179 si
1434 1113 1583 1201 quid
1606 1117 1922 1179 videbitur
1942 1116 2408 1198 corrigendum,
2434 1136 2568 1177 cor·

357 1216 582 1294 rigam.
611 1248 690 1263 --
731 1215 1088 1295 Sequuntur
1118 1213 1322 1293 aliqua
1347 1214 1424 1276 de
1460 1213 1569 1277 illa
1595 1215 1900 1290 oratione,
1932 1216 2040 1276 sed
2067 1214 2399 1276 maximam
2428 1233 2570 1295 par-

359 1331 484 1379 tem
506 1312 856 1378 obliterata.

450 1419 549 1479 Ad
575 1419 854 1479 eumdem
882 1417 1281 1482 Volumnium
1315 1414 1600 1501 Epistolae
1627 1417 1762 1478 duae
1786 1417 2030 1500 priores
2053 1417 2219 1479 illius
2244 1417 2394 1479 libri
2416 1416 2567 1479 scri·

363 1537 483 1609 ptoe
514 1537 683 1602 suut,
719 1543 797 1586 ex
824 1523 1050 1605 quihus
1082 1536 1300 1606 patere
1337 1522 1610 1599 videtur,
1649 1523 2049 1588 Volumnium
2076 1519 2396 1586 orationes
2423 1523 2572 1586 alia·

370 1645 488 1708 que
515 1626 754 1708 scripta
782 1625 971 1687 edere
999 1623 1287 1688 voluisse.

562 1787 791 1860 CXX.
851 1791 1110 1861 Lucius
1157 1791 1421 1879 VeruS,
1474 1794 1698 1866 Marci
1756 1791 2098 1864 Antonini
2139 1787 2379 1862 frater.

455 1966 689 2026 Fronto
731 1964 846 2045 Ep.
895 1965 974 2025 ad
1002 1965 1086 2025 M.
1120 1963 1349 2027 Coesar.
1385 1968 1462 2040 V,
1501 1966 1580 2030 38
1609 1987 1625 2025 t
1659 1968 1889 2033 Utrum
1914 1965 2067 2027 faeti
2095 1961 2297 2028 virtus
2325 1980 2584 2024 ornave-

373 2063 460 2123 rit
509 2058 883 2136 orationem,
946 2083 1028 2123 an
1055 2059 1263 2128 oratio
1308 2063 1537 2125 factum
1588 2062 2038 2125 nobilissimum
2075 2059 2582 2145 oequiparaverit,

374 2162 652 2224 incertus
677 2180 833 2235 sum,
868 2174 1043 2225 eerte
1090 2160 1338 2245 quidem
1365 2163 1639 2245 ejusdem
1672 2163 1867 2236 dicta,
1899 2165 2073 2247 enjus
2109 2162 2221 2223 illa
2250 2162 2436 2223 facta.
2468 2158 2588 2222 sed

375 2273 442 2324 et
468 2260 682 2323 fratris
707 2262 801 2321 tui
824 2267 1021 2321 oratio
1037 2282 1139 2324 me
1164 2262 1535 2324 delectavit:
1568 2282 1717 2324 nam
1737 2274 1802 2324 et
1830 2274 2054 2323 ornata
2078 2261 2189 2323 l'uit
2210 2273 2273 2322 et
2300 2261 2583 2333 cordata,

382 2375 449 2422 et
477 2374 717 2425 eertum
734 2360 955 2436 hamo,
986 2382 1127 2425 eum
1161 2359 1487 2424 minimum
1510 2362 1698 2446 spatii
1718 2363 2012 2425 hahuisse
2042 2363 2120 2425 ad
2141 2355 2587 2423 meditandum.

428 2500 630 2566 framis
656 2502 845 2565 oratio]
874 2496 940 2550 de
974 2498 1157 2552 eadem
1191 2500 1248 2551 in
1286 2501 1531 2570 sequenti
1566 2501 1738 2572 Epist.
1773 2498 2012 2570 loquitur
2039 2501 2114 2552 M.
2135 2499 2342 2550 Caesar:
2376 2500 2590 2551 Fratris
2643 2504 2683 2574 2
2694 2508 2784 2580 59

521 2584 655 2636 mihi
673 2583 962 2655 gratiarum
985 2583 1122 2636 actio
1146 2603 1204 2637 eo
1229 2585 1548 2639 laudabilior
1571 2598 1647 2637 est
1661 2625 1677 2649 ,
1705 2604 1808 2656 quo
1834 2588 2002 2636 minus
2029 2585 2105 2635 ad
2126 2583 2505 2649 meditandum,
2532 2597 2591 2635 ut

519 2671 792 2744 oonjeotm,
815 2668 1001 2721 habuit
1022 2673 1197 2739 spatii.

467 2796 671 2857 Verus
691 2791 848 2873 Imp.
876 2793 992 2874 Ep.
1021 2792 1101 2854 ad
1121 2792 1504 2857 Frontonem
1526 2791 1587 2868 3,
1613 2812 1680 2874 p.
1709 2789 1860 2854 187:
1895 2788 2158 2873 Quidvis
2184 2788 2355 2853 euim
2381 2789 2590 2853 subire

384 2902 641 2974 paratus
666 2907 822 2964 sum,
858 2887 1002 2950 dum
1031 2908 1069 2950 a
1097 2901 1159 2950 te
1189 2907 1291 2950 res
1320 2901 1547 2950 nostrae
1574 2887 1993 2951 celebrentur.
2046 2888 2241 2951 Plane
2278 2906 2406 2950 non
2441 2905 2590 2949 con-

386 2987 709 3071 tempseris
723 3000 788 3049 et
802 2992 1115 3048 oratIones
1135 2988 1223 3046 ad
1240 3002 1512 3047 senatum
1534 3002 1600 3050 et
1615 2988 2028 3049 adloaueiones
2048 3003 2294 3048 nostras
2310 2988 2398 3047 ad
2413 3007 2591 3046 exer-

384 3093 591 3148 citum.
622 3084 869 3148 Mittam
898 3084 1013 3148 tibi
1041 3097 1107 3147 et
1133 3106 1452 3147 sermones
1475 3107 1646 3148 meos
1667 3108 1812 3147 cum
1838 3088 2123 3148 barbaris
2142 3084 2394 3148 habitos:
2436 3087 2590 3147 Mut-

389 3204 520 3252 tum
543 3188 674 3250 haee
697 3187 813 3250 tibi
837 3185 1183 3250 conferent.

460 3324 745 3391 consa-ent]
768 3333 831 3373 ut
844 3320 1077 3373 Parthici
1095 3319 1246 3385 belli,
1264 3321 1407 3390 quod
1426 3322 1586 3395 gessi,
1609 3322 1886 3377 historiam
1907 3321 2214 3378 luculenter
2228 3323 2549 3377 conscribas.

670 3491 933 3602 CXXI.
993 3491 1291 3562 Marcus
1319 3492 1750 3566 Antoninus
1781 3487 2312 3588 Philosophus.

481 3688 746 3769 Accepit
765 3704 1024 3766 regnum
1046 3705 1106 3747 a.
1131 3686 1210 3750 U.
1234 3685 1384 3758 913,
1409 3703 1470 3766 p.
1497 3683 1649 3747 Chr.
1679 3683 1824 3745 161.

482 3785 713 3847 Fronto
743 3785 858 3864 Ep.
893 3782 971 3845 ad
1002 3783 1089 3843 M.
1110 3780 1338 3845 Coesar.
1368 3783 1482 3854 111,
1510 3784 1579 3842 1:
1614 3782 1789 3844 Idem
1816 3795 1906 3858 tu,
1939 3802 2123 3865 quom
2152 3784 2219 3844 in
2248 3794 2468 3844 senatu
2497 3783 2601 3846 vel

401 3881 467 3944 in
499 3884 789 3946 contione
816 3882 1027 3967 populi
1054 3880 1387 3945 dicendum
1414 3882 1550 3958 fuit,
1578 3882 1748 3945 nullo
1769 3883 1964 3946 verbo
1991 3883 2324 3946 remotiore
2345 3902 2487 3944 usus
2506 3903 2598 3961 es,

404 3979 574 4041 nulla
603 3979 801 4058 figura
827 3978 1094 4046 obseura
1125 3991 1231 4041 aut
1261 3978 1574 4043 obsoleta:
1608 3989 1678 4040 ut
1704 3979 1811 4060 qui
1838 3977 2003 4042 scias
2029 3977 2445 4062 eloquentiam
2474 3978 2601 4043 Cae-

405 4077 568 4145 saris
596 4081 758 4141 tubae
786 4081 966 4142 simil«
997 4101 1052 4141 :n
1079 4077 1214 4142 esse
1242 4079 1503 4154 debere,
1536 4100 1660 4143 non
1692 4077 2025 4152 tibiarum,
2057 4081 2126 4143 in
2158 4080 2378 4162 quibus
2404 4082 2608 4143 minus

401 4194 504 4245 est
524 4181 685 4255 soni,
705 4180 841 4262 plus
860 4175 1261 4268 difficultatis.

492 4281 724 4343 Fronto
753 4281 866 4362 Εζι.
905 4281 981 4340 ad
1010 4283 1241 4346 Verum
1272 4281 1426 4363 lmp.
1463 4282 1489 4343 1
1519 4303 1533 4342 ε
1581 4282 1670 4344 Ex
1708 4282 2058 4365 eloquentia
2090 4295 2213 4358 tua,
2249 4301 2430 4364 quam
2461 4279 2610 4344 scri-

789 4371 808 4402 5

2313 4397 2383 4462 48

725 4449 762 4478 a·
