3367 5417
1854 389 1945 460 62

792 521 930 605 Bip.
970 524 1184 587 Libros
1212 527 1289 588 de
1324 539 1461 589 arte
1501 529 1780 591 oratoria
1813 527 2070 590 Latinos
2101 537 2330 609 proeter
2375 525 2458 585 M.
2491 517 2751 585 Catonis
2788 535 2856 584 et
2903 525 2991 584 M.

796 622 1052 686 Antonii
1079 627 1368 705 opuscula
1391 626 1573 707 paulo
1604 627 1812 688 minus
1841 627 2186 696 elaborata,
2229 643 2352 685 non
2394 621 2579 684 fuisse
2611 635 2758 682 ante
2781 632 3000 683 aucto-

792 737 928 780 rem
978 721 1455 785 Rhetoricoruin
1499 727 1579 786 ad
1605 724 1679 787 C.
1728 724 2134 797 Herennium,
2166 722 2331 783 hene
2357 718 2628 781 ostendit
2675 714 3002 781 Schutaius

794 814 862 876 in
898 817 1186 896 Prolegg.
1234 838 1360 879 suae
1390 819 1644 883 editioni
1690 818 1961 903 pmfixis
1989 841 2051 902 p.
2093 819 2200 879 41.
2250 819 2465 897 Neque
2508 814 2813 896 exempla,
2858 833 2996 896 quae

792 910 941 978 *olim
962 915 1296 994 posuimus,
1328 917 1644 980 heminam
1666 918 1993 982 audiendis
2016 914 2375 978 rhetoribus
2398 912 2783 988 eruditorum
2807 910 2997 973 fidem

793 1013 1099 1094 derogant
1126 1019 1367 1080 auctori
1408 1020 1577 1081 Dial.
1613 1022 1692 1083 de
1739 1032 1930 1082 oratt.
1977 1039 2036 1080 c.
2089 1019 2192 1089 19,
2235 1035 2378 1077 cum
2422 1026 2622 1096 putat,
2663 1032 2892 1098 paucos
2916 1032 2994 1075 ea

793 1122 975 1176 aetate
995 1111 1203 1191 fuisse,
1234 1118 1341 1196 qui
1368 1118 1583 1181 doctos
1616 1120 1696 1181 de
1725 1132 1861 1180 arte
1900 1116 2273 1178 disserentes
2300 1109 2702 1175 audivissent.
2732 1111 2913 1183 Vide,
2942 1113 2997 1173 si

796 1210 958 1272 tanti
1003 1223 1135 1286 est,
1185 1215 1262 1278 de
1307 1235 1530 1278 recens
1571 1217 1820 1278 invecta
1861 1213 2207 1287 rhetorioe,
2257 1212 2564 1274 Polletum
2615 1210 2685 1270 in
2720 1206 2998 1272 Historia

798 1304 915 1376 fori
937 1307 1200 1372 Romani
1218 1311 1303 1385 11,
1334 1313 1397 1384 5,
1423 1313 1866 1394 comprehensa
1892 1310 2096 1393 primo
2124 1321 2290 1371 tomo
2313 1305 2613 1368 Thesauri
2639 1303 2994 1368 Potenianffi.

883 1402 988 1465 48.
1038 1408 1268 1490 Quales
1288 1408 1519 1472 suerint
1544 1410 2017 1474 exercitationes
2039 1407 2328 1470 oratoriae
2353 1419 2577 1467 tumex
2601 1403 3001 1486 Quintiliano

796 1501 865 1566 iu
895 1504 1112 1585 primis
1148 1520 1213 1567 et
1238 1507 1490 1570 'Seneca
1522 1509 1740 1590 liquet,
1774 1521 1903 1570 tum
1925 1509 2091 1570 hanc
2119 1525 2276 1577 rem,
2320 1507 2427 1567 sed
2464 1522 2686 1586 parum
2727 1503 2995 1584 copiose»

796 1604 1095 1670 tractavit
1119 1605 1450 1670 Cresollius
1471 1609 1742 1672 Theatro
1781 1609 1970 1670 rhett.
2017 1609 2123 1682 lV,
2171 1628 2229 1669 c.
2273 1608 2342 1668 6.
2381 1598 2490 1690 [V.
2525 1605 2993 1667 Westermann.

796 1720 857 1781 p.
908 1702 1025 1764 133
1064 1723 1236 1785 sqq„
1282 1704 1404 1767 248
1436 1705 1605 1795 sqq]
1660 1707 1761 1770 Ab
1796 1708 1916 1769 hoc
1953 1704 2200 1768 traditis
2243 1705 2516 1784 quadam
2544 1702 2834 1764 addmus
2870 1721 2999 1763 nou

797 1800 1009 1875 multa,
1038 1804 1330 1883 quoniam
1354 1824 1482 1866 non
1499 1806 1805 1866 univemae
1833 1803 2222 1884 eloquentiae‚
2247 1803 2315 1862 in
2345 1800 2568 1881 primis
2589 1800 2853 1872 Groecoe,
2899 1798 3000 1860 hi-

796 1901 1054 1974 storiam
1070 1902 1351 1965 scrihere
1376 1904 1768 1965 tentavimus.
1798 1904 2138 1967 Commune
2177 1920 2402 1964 nomen
2429 1899 2727 1974 omnium,
2769 1917 2900 1980 quae
2927 1901 3000 1961 in

797 2000 1025 2062 scholis
1064 2005 1530 2066 exercitationis
1575 2005 1779 2083 gratia
1826 2003 2404 2086 pronunciabantur
2420 2045 2436 2073 ‚
2487 2002 3000 2062 declamationum

799 2108 919 2171 est,
962 2120 1014 2161 s.
1065 2113 1133 2160 ut
1171 2101 1381 2166 Groeci
1420 2101 1659 2174 dicunt,
1706 2121 1948 2184 μελιτῶνς
2000 2121 2149 2184 quas
2199 2101 2510 2166 invenisse
2559 2099 2801 2172 fermr,
2855 2115 3002 2159 cum

802 2197 1006 2259 Rhodi
1032 2197 1366 2275 habitaret,
1404 2200 1747 2273 AEschines,
1783 2203 2077 2264 convenit
2105 2214 2306 2264 autem
2353 2218 2480 2262 non
2511 2211 2658 2261 ante
2693 2195 3003 2258 Demetrii

801 2294 1090 2356 Phalerei
1118 2308 1396 2377 tempora
1436 2297 1689 2361 sactum.
1723 2298 1829 2361 Sic
1854 2299 2277 2381 Quintilianus
2319 2298 2402 2369 11,
2430 2296 2495 2368 4,
2531 2295 2636 2355 41.
2665 2290 2868 2356 Nimis
2889 2293 3001 2372 igi·

800 2406 903 2454 tur
929 2396 1216 2458 credulus
1235 2409 1331 2458 est
1347 2399 1598 2459 Belinus
1622 2400 1700 2459 de
1721 2399 1897 2461 Ralla
1930 2399 1974 2460 1.
2007 2422 2067 2462 c.
2097 2402 2149 2470 1,
2183 2420 2245 2481 p.
2293 2398 2436 2471 146,
2467 2417 2544 2459 ex
2568 2391 2994 2476 Antiphontis,

800 2511 934 2571 quae
956 2492 1261 2570 feruntur,
1285 2495 1534 2576 scriptis
1557 2497 1939 2558 contrarium
1960 2499 2512 2559 demonstraturus·
2550 2495 2765 2557 Genus
2792 2491 2996 2553 decla·

801 2590 1140 2656 matianum
1187 2592 1703 2674 antiquissimum,
1760 2606 1825 2655 et
1872 2596 1973 2655 cui
2013 2596 2201 2658 etiam
2242 2594 2611 2657 Ciceronem
2660 2588 2994 2671 plurimum

804 2690 1095 2752 tribuisse
1132 2691 1514 2774 reperimus,
1563 2705 1630 2753 ut
1658 2693 1831 2754 horis
1856 2695 2071 2755 vacuis
2111 2693 2259 2755 talia
2287 2691 2471 2753 etiam
2522 2710 2708 2751 senex
2737 2690 2997 2763 diceret,

804 2791 925 2841 θέσει
910 2809 946 2848 ις
989 2804 1156 2862 sunt,
1189 2807 1567 2870 argumenta,
1598 2813 1957 2856 communes
1983 2793 2129 2864 loci,
2163 2796 2240 2855 de
2269 2791 2488 2873 quibus
2512 2790 2778 2872 Quintil.
2811 2792 2894 2864 ll,

804 2887 878 2961 93
912 2887 1076 2951 conf.
1109 2888 1190 2962 Χ,
1236 2890 1304 2963 5,
1340 2890 1443 2960 11,
1486 2902 1552 2951 et
1576 2891 1835 2952 Sueten.
1871 2890 1918 2950 l.
1951 2911 2009 2952 c
2048 2891 2160 2952 His
2188 2901 2585 2972 opponuntur
2621 2885 3003 2966 hypotheses,

803 3003 939 3064 quoe
950 2996 1100 3046 sunt
1128 3004 1269 3047 cum
1299 3005 1510 3048 rerum
1534 2987 1882 3069 complexu,
1907 2983 2038 3048 sive
2069 2989 2375 3070 personis»,
2409 2988 2585 3054 locis,
2618 2984 2998 3066 temporibus

802 3083 1134 3146 adstrictae.
1162 3087 1239 3147 V.
1263 3085 1533 3166 Quintil.
1564 3086 1645 3159 11,
1679 3083 1746 3159 4,
1779 3085 1895 3158 243
1930 3086 2040 3155 111,
2081 3090 2145 3161 5,
2183 3087 2262 3162 ‘13
2294 3084 2430 3147 Cic.
2456 3087 2570 3149 Or.
2604 3103 2664 3147 c.
2709 3084 2784 3145 14
2812 3095 2878 3146 et
2896 3082 3000 3155 36,

802 3187 953 3267 Top.
980 3206 1039 3247 c.
1069 3187 1175 3248 21.
1194 3188 1440 3249 Theses
1464 3200 1671 3248 autem
1701 3186 1933 3262 dicere,
1954 3186 2358 3269 Peripatetici
2385 3188 2744 3250 ferunturei
2771 3206 2890 3249 non
2907 3186 3002 3246 in-

802 3283 1080 3357 venisse,
1135 3286 1243 3348 sed
1264 3306 1340 3348 ex
1371 3304 1546 3347 more
1567 3285 1993 3365 frequentasse
2019 3283 2320 3368 (Quintil.
2358 3287 2519 3362 xli,
2572 3288 2635 3361 2,
2685 3287 2821 3361 25).
2892 3283 3006 3347 Co·

800 3396 1008 3459 gnatte
1036 3393 1221 3444 erant
1248 3394 1305 3444 ἀν
1308 3412 1427 3444 ma
1406 3393 1511 3445 ευαὶ
1537 3395 1603 3442 et
1628 3413 1821 3447 κατασκ
1825 3413 1909 3446 cetu
1913 3383 2198 3462 aquibus
2217 3381 2442 3444 fabulis
2472 3382 2621 3445 fides
2659 3381 2865 3457 fieret,
2911 3379 3009 3442 vd

804 3475 1076 3542 historiis
1103 3478 1545 3556 derogaretur,
1577 3478 1747 3540 conf.
1778 3480 2043 3562 Quintil.
2071 3480 2158 3556 ΙΙ,
2191 3477 2256 3552 4,
2291 3479 2394 3556 24,
2429 3481 2689 3542 Sueten.
2721 3479 2817 3539 De
2845 3477 3006 3540 clar.

805 3578 996 3641 rhett.
1028 3600 1090 3641 c.
1126 3582 1183 3656 1,
1211 3600 1274 3662 p.
1302 3580 1384 3642 33
1408 3580 1597 3643 Wolf.
1632 3583 2015 3665 Hypotheees
2046 3595 2175 3644 tum
2209 3602 2374 3644 verae
2401 3595 2657 3664 possunt
2691 3597 2839 3653 eme,
2869 3589 3008 3639 tum

806 3674 986 3736 tictoe.
1024 3678 1119 3737 De
1163 3679 1330 3740 veris
1369 3697 1495 3742 non
1522 3677 1806 3742 dicimus.
1850 3681 2058 3744 Fictas
2085 3695 2290 3743 autem
2323 3700 2538 3739 causas
2578 3680 2793 3740 Cicero
2817 3674 3005 3749 dixit,

807 3782 965 3833 teste
989 3771 1226 3836 Seneca
1247 3775 1548 3838 Controv.
1572 3778 1599 3837 1
1620 3778 1791 3859 praef.
1817 3797 1881 3858 p.
1911 3777 2019 3852 63,
2051 3777 2159 3857 qui
2183 3781 2726 3838 controversias-um
2743 3772 3008 3851 ‘vulgare

812 3891 1035 3934 nomen
1075 3874 1384 3936 recentius
1425 3875 1610 3938 etiam
1659 3878 1831 3950 dicit,
1890 3898 2074 3956 quam
2118 3877 2600 3949 declamationis,
2654 3876 2815 3957 quod
2860 3885 3007 3937 ante

808 3970 1175 4034 Ciceronem
1213 3985 1276 4033 et
1295 3972 1553 4036 Calvum
1584 3975 1745 4056 apud
1770 3975 2005 4036 nullum
2031 3974 2358 4036 latinitatis
2385 3985 2702 4036 auctorem
2733 3972 3003 4056 reperia-

811 4084 937 4131 tur.
985 4070 1375 4137 Declamavit
1406 4091 1612 4139 autem
1642 4076 1940 4138 innuente
1982 4075 2219 4139 Seneca
2258 4075 2297 4135 l.
2337 4095 2396 4135 c.
2426 4094 2662 4148 causae,
2714 4093 2848 4155 quae
2875 4092 3004 4138 nou

807 4167 1120 4234 absimiles
1153 4173 1436 4237 veritatis
1487 4187 1733 4250 essent,
1788 4173 1996 4255 quales
2045 4174 2111 4236 in
2151 4173 2278 4235 vita
2315 4173 2628 4235 hominum
2687 4172 3002 4244 accidere,
