3367 5417
1398 471 1537 541 319

845 741 1244 812 LXXXIII.
1301 740 1383 812 C.
1425 738 1756 813 Licinius
1790 739 2088 814 Calvus.

1073 859 1442 959 [Ellendt.
1463 885 1544 959 p.
1573 861 1863 960 83-89.]

385 1084 392 1090 ’
435 1087 674 1152 ‘Calvus
687 1083 857 1150 'filius
880 1085 994 1149 luit
1013 1087 1087 1150 C.
1114 1085 1346 1151 Licinii
1367 1085 1587 1164 Macri,
1611 1091 1687 1153 de
1711 1111 1830 1175 quo
1850 1111 2041 1175 supra
2060 1089 2346 1155 diximus.

449 1187 584 1248 Cic.
625 1185 799 1247 Brut.
843 1206 902 1247 c.
927 1183 1034 1262 82,
1074 1183 1234 1250 283:
1269 1186 1495 1250 Calvus
1520 1202 1737 1250 orator
1792 1187 2009 1252 suisset
2037 1209 2183 1252 cum
2207 1191 2408 1254 literis
2434 1211 2574 1255 eru·

370 1288 559 1352 ditior
588 1307 773 1368 quam
802 1287 993 1350 Curio
1023 1286 1112 1370 (i.
1151 1307 1207 1349 e.
1249 1286 1443 1350 Curio
1473 1259 1564 1353 C‘
1595 1287 1811 1376 filius),
1850 1305 1979 1354 mm
2005 1290 2199 1352 etiam
2227 1290 2581 1356 accuratius

367 1389 671 1470 quoddam
696 1385 948 1447 dicendi
974 1398 1038 1446 et
1059 1385 1419 1468 exquisitius
1443 1385 1743 1450 afferebat
1769 1410 1999 1469 genus:
2024 1391 2184 1471 quod
2204 1411 2579 1473 quamquam

363 1483 639 1549 scienter
668 1481 1106 1565 e‘leganterque
1137 1483 1475 1557 tractabat,
1513 1479 1777 1548 nimium
1809 1499 2015 1548 tamen
2046 1486 2368 1568 inquirens
2410 1489 2476 1552 in
2515 1511 2581 1552 se

367 1597 552 1665 atque
596 1581 727 1663 ipse
767 1597 901 1643 sese
942 1579 1280 1643 observans
1323 1594 1753 1665 metuensque,
1797 1604 1878 1645 ne
1906 1580 2195 1646 vitiosum
2232 1586 2579 1666 colligeret,

368 1684 561 1746 etiam
586 1697 804 1742 verum
850 1677 1214 1759 sanguinem
1258 1677 1662 1763 deperdebat.
1710 1679 1929 1764 Itaque
1972 1682 2106 1765 ejus
2143 1684 2344 1747 oratio
2388 1682 2584 1748 nimia

364 1780 668 1859 reiigione
703 1790 1022 1842 attenuata
1064 1778 1266 1841 doctis
1310 1791 1374 1841 et
1415 1792 1653 1842 attente
1691 1779 2087 1843 audientibus
2122 1795 2261 1843 erat
2292 1780 2576 1857 illustris,

363 1905 399 1944 a
441 1879 839 1944 multitudine
883 1893 1088 1943 autem
1129 1894 1193 1943 et
1234 1901 1271 1942 a
1309 1881 1466 1956 soro,
1509 1878 1609 1944 cui
1654 1894 1805 1944 nata
1845 1877 2203 1964 eloquentia
2242 1894 2362 1955 est,
2404 1884 2587 1945 devo-

369 1977 658 2044 rabatur.

439 2077 724 2163 Quintil.
748 2075 829 2152 X,
860 2080 921 2154 1,
954 2077 1071 2139 115
1097 2099 1112 2138 ε
1137 2075 1372 2138 'inveni
1390 2122 1406 2150 ,
1443 2075 1548 2157 qui
1576 2075 1838 2139 Calvum
1866 2079 2240 2161 praeferrent
2269 2077 2581 2153 omnibu5‚

368 2178 603 2255 inveni,
632 2178 737 2260 qui
761 2177 1053 2241 Ciceroni
1084 2179 1438 2252 crederent,
1474 2197 1617 2239 eum
1665 2175 1862 2242 nimia
1904 2193 2128 2243 contra
2169 2201 2235 2243 se
2276 2178 2588 2244 calumnia

372 2297 592 2342 verum
616 2279 978 2358 sanguinem
1008 2274 1373 2359 perdidisse.
1424 2278 1548 2340 Sed
1579 2287 1674 2339 es‘t
1703 2291 1767 2340 et
1794 2294 2014 2342 sancta
2043 2294 2105 2342 et
2126 2278 2348 2360 gravis
2387 2282 2590 2346 oratio

367 2391 430 2440 et
447 2375 766 2441 custodita
794 2390 860 2440 et
879 2378 1250 2459 frequenter
1276 2375 1606 2439 vehemens
1634 2398 1896 2459 quoque.
1926 2377 2226 2443 'lmitator
2256 2394 2462 2443 autem
2495 2395 2591 2444 est

371 2473 740 2549 Atticorum,
767 2475 1035 2555 fecitque
1053 2471 1149 2534 issi
1176 2485 1512 2554 properata
1540 2489 1708 2536 mors
1734 2475 2051 2558 injuriam,
2077 2478 2298 2561 siquid
2322 2478 2590 2565 adjectu-

373 2593 481 2639 rus
505 2573 651 2650 sibi,
673 2595 800 2638 non
824 2574 1045 2657 siquid
1069 2571 1465 2635 detracturus
1486 2571 1627 2634 fuit.

457 2679 625 2739 Dial.
661 2678 738 2738 de
766 2688 954 2737 oratt.
989 2679 1046 2736 e'.
1079 2673 1192 2735 18:
1223 2675 1450 2737 Calvus
1487 2672 1785 2736 Ciceroni
1823 2677 1991 2737 visus
2029 2692 2122 2739 est
2160 2676 2488 2757 exsanguis
2527 2668 2623 2739 et'

376 2776 655 2836 attritu.

1099 2949 1423 2996 marrones
1452 2954 1510 2996 m
1540 2951 1831 2996 mmmm
1842 2980 1855 2993 .

451 3151 705 3237 Dialog.
749 3155 827 3217 de
863 3166 1059 3217 oratt.
1101 3174 1164 3215 c.
1204 3153 1322 3215 34:
1365 3147 1585 3215 Altero
1640 3165 1706 3214 et
1755 3153 2054 3216 vicesimo
2095 3154 2351 3216 Asinius
2391 3152 2591 3218 Pouio

373 3253 446 3318 C.
487 3251 836 3327 Catonem,
898 3272 1024 3313 non
1081 3250 1277 3312 multo
1333 3262 1516 3318 aetate
1575 3251 1954 3313 antecedens
2008 3247 2238 3314 Calvus
2275 3251 2596 3313 Vatinium

371 3351 448 3414 iis
481 3349 867 3414 orationibus
912 3347 1180 3412 insecuti
1221 3362 1405 3422 sunt,
1451 3369 1601 3432 quas
1643 3345 1952 3430 hodieque
1995 3370 2138 3412 cum
2183 3346 2598 3413 admiratione

373 3454 654 3531 legimus.

449 3613 757 3676 »Vatiniana
772 3608 852 3661 A·
871 3607 1075 3660 asabim
1091 3621 1254 3660 *sum
1277 3608 1477 3661 ὴοὸῑιι.
1497 3610 1570 3660 Ἠ.
1585 3609 1717 3669 698,
1738 3608 2121 3661 mwoiehm.
2151 3611 2208 3661 iu
2224 3607 2466 3680 ¹eleg-ami
2486 3608 2599 3661 dis-

519 3694 805 3747 sertatione
823 3693 888 3744 de
904 3690 1069 3744 Calvo
1085 3689 1285 3761 (Reliq.
1302 3690 1531 3762 poetar.)
1545 3710 1600 3762 p.
1613 3693 1629 3742 1
1643 3693 1713 3743 09
1729 3690 2127 3744 demonstravit.
2148 3692 2333 3760 Qum
2348 3692 2484 3744 auu.
2496 3693 2592 3745 071

529 3789 690 3830 natus
711 3787 874 3838 esset,
897 3774 1122 3845 septimo
1146 3786 1202 3826 et
1222 3773 1476 3845 vigesimo
1502 3772 1672 3825 aetatis
1698 3793 1841 3829 anno
1865 3772 2014 3826 illam
2038 3792 2257 3829 causam
2281 3773 2457 3846 egisse
2479 3793 2602 3828 eum

521 3870 749 3912 constat.
784 3856 987 3910 Eodem
1021 3856 1108 3910 die
1142 3856 1357 3928 genitus
1384 3867 1467 3908 est
1492 3854 1694 3909 Cultus
1722 3871 1849 3911 cum
1874 3856 2148 3911 acontio
2172 3857 2340 3919 Rufo,
2374 3870 2600 3922 oratore,

533 3957 597 3998 ut
627 3943 769 3996 Plin.
800 3941 932 3996 dicit
962 3942 1036 3995 Η.
1067 3943 1136 3995 Ν.
1161 3943 1282 4005 Vll,
1315 3943 1381 3995 49
1402 3939 1565 4011 (conf.
1601 3941 1823 3994 Ruhnk.
1854 3941 1922 3996 ad
1941 3941 2136 3996 venei.
2157 3942 2229 4006 11,
2250 3944 2341 4007 68,
2360 3961 2427 4015 ·p.
2452 3944 2600 4013 297),

535 4043 591 4084 et
608 4028 789 4083 Schol.
810 4027 1053 4082 Ambros.
1072 4029 1183 4082 Cic.
1212 4028 1267 4080 in
1289 4028 1565 4080 Vatinium
1590 4029 1674 4092 13,
1700 4032 1750 4083 3.
1784 4028 2020 4082 Ellendt.
2050 4030 2134 4084 bis
2146 4031 2212 4082 ab
2230 4030 2416 4084 eodem
2439 4030 2604 4084 Calvo

525 4115 802 4170 Vatinium
839 4113 1170 4186 postulatum
1207 4126 1395 4184 putat,
1440 4115 1768 4186 primamque
1817 4117 2084 4169 actionum
2124 4136 2265 4169 anno
2296 4118 2398 4169 695
2439 4116 2604 4170 fuisse

521 4199 839 4272 majestatis,
881 4215 1092 4250 rursum
1131 4209 1434 4250 accusatum
1472 4214 1589 4250 esse
1630 4198 1696 4250 de
1735 4199 1934 4273 ambitu
1963 4218 2012 4253 a.
2035 4201 2138 4254 699
2167 4213 2222 4254 et
2255 4200 2538 4255 defensum
2571 4220 2601 4254 a

520 4283 774 4338 Cicerone
808 4294 991 4354 rogatu
1027 4283 1298 4354 Pompeii3
1341 4281 1625 4336 secundam
1663 4282 1827 4355 igitur
1864 4284 1923 4339 in
1950 4282 2231 4341 Vatinium
2268 4287 2594 4352 orationem,
