3367 5417
1910 404 2004 476 26

854 542 1093 608 Catone
1126 542 1396 607 Galbam
1415 541 1760 606 Carneadis
1785 543 2133 607 auditorem
2170 542 2476 605 exstitisse
2503 540 2815 616 discimus,
2864 551 2930 602 et
2957 538 3071 603 sic

854 637 1079 704 Cicero
1107 642 1204 702 De
1231 642 1478 724 republ.
1518 643 1637 713 111,
1684 637 2063 721 prodiderat,
2112 640 2221 711 ubi
2255 659 2422 702 nunc
2465 651 2560 700 est
2588 659 2646 702 c.
2679 638 2778 712 6.;
2828 638 2930 700 vel
2958 639 3068 699 sui

860 739 1103 820 ingenii
1125 739 1424 805 felicitate
1443 763 1517 806 eo
1539 742 1737 804 elatus
1765 755 1861 805 est
1879 788 1895 816 ,
1931 756 2001 804 ut
2024 740 2262 825 primus
2288 757 2484 802 artem
2502 737 2845 802 oratoriam
2866 737 3069 801 infor-

853 854 1090 920 maret3
1140 854 1212 903 ut
1239 844 1645 923 egrederetur
1682 863 1720 905 a
1764 840 2103 926 proposito,
2152 856 2223 903 ut
2271 861 2404 903 rem
2436 841 2738 919 augendo,
2773 840 3068 903 minuen-

851 941 1009 1002 dove
1029 940 1321 1021 probare,
1350 953 1419 1001 ut
1437 940 1776 1016 delectare,
1802 960 2074 1015 movere,
2108 939 2399 1020 abripere
2417 939 2653 1022 judices
2680 935 3068 1000 institueret.

854 1038 960 1102 Sic
986 1037 1124 1100 Cic.
1150 1040 1327 1099 Brut.
1359 1058 1416 1100 c.
1454 1035 1686 1115 21,82;
1710 1056 1770 1099 c.
1793 1038 1897 1114 23,
1930 1037 2032 1113 90,
2060 1040 2158 1099 De
2185 1049 2345 1099 orat.
2379 1039 2436 1110 I,
2462 1036 2575 1113 533
2601 1037 2678 1107 ll,
2699 1036 2762 1107 2,
2785 1035 3058 1117 Quintil.

857 1137 949 1212 11,
986 1136 1086 1209 15,
1125 1133 1189 1194 8.
1235 1136 1647 1217 Asperitatem
1683 1136 1749 1197 iu
1802 1136 2066 1197 dicendo
2115 1135 2312 1198 eidem
2361 1133 2642 1195 tribuens
2687 1134 2920 1195 Tullius
2960 1135 3060 1195 De

859 1248 1021 1298 orat.
1061 1236 1173 1308 111,
1225 1236 1287 1308 7,
1324 1234 1433 1307 28,
1473 1248 1539 1298 et
1565 1236 1837 1299 clamore
1864 1255 1940 1298 ac
1967 1235 2268 1298 lateribus
2294 1252 2598 1316 pugnasse
2629 1234 2839 1294 dicens
2862 1235 2913 1304 1,
2950 1234 3055 1309 60,

859 1337 1009 1409 255,
1052 1334 1169 1395 sibi
1193 1336 1491 1397 convenit
1518 1356 1658 1399 cum
1690 1337 1757 1398 in
1784 1339 1974 1400 Bruto
1997 1357 2054 1398 c.
2093 1337 2199 1403 23,
2243 1355 2376 1416 sqq.
2402 1382 2418 1410 ,
2444 1335 2481 1416 §
2507 1334 2721 1405 91-93,
2769 1335 2930 1397 miro
2964 1354 3062 1395 ar-

854 1439 1028 1507 dore,
1054 1436 1198 1494 dum
1225 1436 1485 1509 diceret,
1528 1437 1803 1518 plenum,
1833 1438 1969 1516 igni
1996 1436 2104 1498 illo
2125 1435 2442 1498 scribendi
2470 1454 2649 1497 mora
2685 1433 3060 1513 refrigerato

856 1533 952 1593 sui
979 1549 1228 1612 prorsus
1258 1532 1614 1595 dissimilem
1643 1535 1843 1596 visum
1865 1533 2222 1596 affirmavit.
2257 1533 2413 1594 Inde
2437 1532 2629 1606 exiles
2672 1542 2739 1592 et
2759 1531 3060 1613 antiquio-

856 1648 967 1691 res
987 1621 1172 1691 etiam
1212 1629 1493 1691 Loelianis
1523 1632 1838 1693 orationes
1867 1631 2019 1714 ejus,
2056 1651 2242 1716 quem
2265 1630 2359 1691 sui
2387 1627 2683 1709 temporis
2709 1627 3059 1710 principem

863 1747 996 1792 esse
1019 1730 1364 1793 constabat.
1400 1733 1648 1815 Quippe
1668 1753 1811 1794 cum
1839 1734 1958 1794 sibi
1989 1733 2220 1807 omnia,
2253 1728 2412 1793 nihil
2441 1728 2565 1791 arti
2587 1729 2865 1797 deberet.
2894 1729 3065 1791 felici

858 1846 1071 1889 rerum
1108 1828 1487 1904 agendarum
1524 1826 1922 1890 irritamento
1958 1845 2139 1891 extra
2166 1847 2234 1888 ae
2253 1827 2507 1908 positus,
2553 1825 2777 1890 deinde
2808 1826 3064 1906 refrige-

854 1933 1052 1994 ratus,
1084 1921 1282 2001 qualis
1302 1935 1485 1996 esset,
1520 1921 1836 2005 apparuit.
1869 1924 2072 2007 (Lege
2102 1927 2273 1984 Brut.
2309 1943 2370 1984 c.
2401 1923 2506 1984 22.
2533 1923 2555 2007 )
2587 1922 2834 2003 Reliqui
2857 1936 3063 1988 aucto·

856 2039 996 2081 rum
1017 2018 1165 2091 loci,
1192 2033 1267 2080 ut
1285 2021 1382 2081 De
1400 2032 1564 2082 orat.
1592 2023 1623 2082 1
1650 2067 1667 2096 ,
1701 2023 1802 2096 13,
1835 2025 2009 2085 Brut.
2041 2043 2103 2083 c.
2127 2022 2236 2098 86,
2268 2022 2415 2097 295,
2447 2022 2655 2083 Rhett.
2682 2024 2760 2084 ad
2781 2023 3058 2085 Herenn.

861 2120 976 2194 lv,
1013 2122 1076 2190 5,
1122 2139 1345 2199 parum
1369 2119 1608 2181 faciunt
1633 2123 1711 2183 ad
1743 2122 1951 2184 laudes
1980 2122 2112 2205 ejus
2140 2124 2444 2185 oratorias
2471 2121 2655 2185 altius
2684 2123 3062 2202 investigan-

862 2219 994 2280 das-
1031 2220 1203 2298 Aper
1228 2217 1297 2278 in
1337 2217 1506 2280 Dial.
1549 2220 1627 2282 de
1674 2233 1861 2283 oratt.
1898 2240 1953 2282 c.
2011 2219 2109 2297 18,
2162 2236 2230 2283 ut
2256 2222 2632 2303 antiquitate
2666 2222 2883 2283 ultima
2928 2223 3067 2283 hor-

857 2316 1063 2380 ridum
1092 2338 1343 2400 prorsus
1370 2319 1660 2399 damnat;
1705 2334 1927 2384 contra
1967 2319 2178 2384 mitius
2207 2324 2525 2385 Maternus
2549 2322 2706 2383 ibid.
2740 2339 2797 2383 c.
2828 2323 2937 2396 25,
2967 2325 3066 2382 de·

855 2439 991 2478 esse
1038 2418 1296 2503 aliquid,
1345 2439 1478 2499 qum
1533 2433 1627 2482 est
1676 2423 1878 2485 λιτόττκ,
1927 2419 2060 2505 ejus
2107 2423 2381 2483 laudibus
2430 2424 2739 2485 concedit.
2805 2424 3068 2484 Exilitas

857 2538 1070 2581 earum
1105 2520 1459 2584 orationum
1479 2521 1548 2582 in
1577 2541 1764 2585 causa
1793 2523 1925 2599 fuit,
1957 2543 2070 2585 cur
2100 2536 2260 2597 totae,
2301 2544 2378 2585 ne
2409 2522 2790 2602 argumentis
2816 2520 3062 2603 quidem

854 2631 918 2681 et
938 2618 1294 2681 nominibus
1320 2620 1605 2693 servatiS,
1628 2622 2109 2685 interciderent.
2145 2621 2250 2711 [V.
2279 2622 2358 2683 fr.
2392 2642 2456 2704 p.
2497 2614 2675 2706 106]

946 2719 1050 2781 20.
1098 2719 1314 2785 Galbae
1341 2721 1634 2783 addamus
1659 2722 1762 2782 M.
1822 2722 2153 2781 AEme‘lium
2182 2723 2283 2783 M.
2317 2723 2396 2784 F.
2436 2723 2770 2800 Lepidum,
2813 2722 2921 2802 qui
2966 2739 3067 2783 co·

858 2817 1155 2900 gnomine
1182 2833 1277 2882 est
1304 2821 1577 2881 Porcina
1602 2823 1826 2897 dictus,
1865 2821 2119 2885 tortasse
2140 2823 2218 2885 ob
2252 2824 2378 2885 oris
2404 2822 2703 2884 habitum.
2740 2823 2899 2884 Nam
2919 2823 3068 2883 alias

860 2922 983 2984 hoc
1011 2940 1316 3001 agnomen
1350 2922 1418 2983 in
1442 2920 1689 2984 AEmilia
1722 2937 1908 3004 gente
1925 2924 2197 2986 insolens
2216 2936 2330 2985 est.
2357 2926 2535 2999 Eum,
2569 2936 2639 2984 ut
2659 2924 2937 3003 legitimo
2963 2943 3067 2984 an-

859 3041 1082 3086 norum
1101 3024 1367 3086 decursu
1396 3024 1476 3086 ad
1500 3024 1769 3087 honores
1788 3025 2151 3107 pervenerit
2199 3037 2568 3105 quaestorem
2593 3025 2851 3104 Pighius
2880 3024 3067 3086 habet

859 3141 922 3182 a.
951 3119 1116 3198 6043
1156 3121 1396 3183 aedilem
1419 3123 1565 3184 cu'm
1602 3124 1676 3185 P.
1714 3123 1940 3184 Nasica
1965 3122 2302 3205 Serapione
2337 3142 2396 3183 a.
2435 3120 2560 3183 608
2585 3140 2604 3195 3
2634 3133 2964 3202 praetorem
3002 3140 3062 3182 a.

862 3218 1012 3295 611,
1060 3231 1127 3280 et
1164 3230 1304 3300 post
1330 3218 1540 3299 plures
1575 3220 1855 3299 repulsas
1885 3220 2027 3283 Cos.
2075 3238 2215 3280 cum
2244 3219 2317 3280 C.
2358 3215 2622 3279 Hostilio
2661 3217 2958 3279 Mancino
3003 3237 3064 3278 a.

860 3317 1006 3377 616.
1063 3321 1153 3379 Ex
1197 3320 1317 3379 hoc
1366 3319 1742 3396 magistratu
1793 3319 2182 3401 provinciam
2229 3318 2590 3401 Hispaniam
2613 3364 2630 3393 ,
2684 3317 3067 3379 Numantino

862 3411 1139 3473 Mancini
1155 3412 1389 3474 soedere
1414 3432 1632 3494 parum
1651 3425 1869 3490 tutam,
1899 3428 2231 3495 prorogato
2251 3414 2318 3474 in
2338 3433 2568 3474 annum
2596 3409 2859 3494 imperio
2879 3413 3063 3484 rexit,

863 3508 1143 3588 quamvis
1172 3507 1304 3590 ipse
1337 3527 1574 3590 quoque
1603 3510 1681 3571 ab
1713 3510 1992 3572 hostibus
2022 3512 2259 3574 cladem
2290 3509 2628 3593 accepisset
2671 3507 2844 3592 (Liv.
2894 3511 3064 3589 Epit.

858 3605 1050 3688 LVI).
1112 3609 1268 3670 Inde
1303 3609 1561 3671 multam
1599 3607 1659 3672 ei
1712 3612 1943 3673 dictam
1972 3611 2284 3693 Appianas
2317 3609 2581 3691 Hispan.
2616 3630 2674 3670 c.
2723 3606 2802 3669 83
2841 3607 3064 3670 refert.

858 3707 958 3767 De
992 3707 1131 3769 aliis
1156 3710 1349 3773 rebus
1365 3722 1432 3773 et
1458 3724 1661 3775 morte
1704 3713 1790 3772 M.
1825 3709 2059 3774 AEmilii
2090 3731 2219 3773 non
2243 3710 2395 3773 satis
2426 3721 2700 3796 constat..
2737 3708 2855 3770 Hic
2878 3708 3065 3771 bomo

858 3802 1158 3886 majorem
1179 3827 1361 3888 quam
1392 3829 1510 3892 pro
1536 3812 1818 3872 Romano
1848 3809 1982 3890 ejus
2027 3810 2226 3870 aetatis
2279 3809 2509 3870 cultum
2545 3820 2609 3871 et
2637 3808 2944 3872 luxuriam
2969 3827 3061 3870 se-

852 3903 978 3966 tari
1007 3903 1231 3985 coepit3
1280 3917 1350 3966 ut
1384 3906 1632 3986 elegans
1669 3906 1823 3967 adeo
1862 3918 1928 3967 et
1946 3905 2188 3969 Gmecis
2225 3905 2422 3967 liten‘s
2453 3917 2518 3967 et
2545 3905 2761 3967 habitu
2795 3908 3059 3969 tinctum

852 4002 985 4082 ejus
1004 4004 1148 4065 vitae
1168 4022 1361 4083 genus
1381 4002 1787 4087 suspicemur.
1810 4004 2098 4064 Luxuriae
2116 4018 2255 4085 post
2273 4004 2342 4065 in
2361 4004 2622 4066 nimium
2645 4019 2840 4069 auctae
2859 4025 3059 4069 exem·

852 4097 1020 4180 plum
1060 4100 1295 4182 primus
1319 4098 1471 4162 villa
1512 4100 1679 4163 dedit
1714 4099 1898 4163 altius
1919 4110 1985 4161 et
2024 4096 2522 4178 magnificentius
2542 4115 2882 4166 exstructa.
2922 4104 3064 4184 Qua
