3367 5417
537 566 552 589 ι
1405 483 1447 553 9
2034 550 2041 559 “
2184 552 2207 589 Ὶ

303 616 625 681 Plutarchi
653 616 864 679 verbis
879 617 1082 680 Proec.
1118 613 1322 699 politt.
1351 617 1386 698 S
1415 616 1479 687 4,
1514 637 1580 698 p.
1613 612 1763 688 800,
1792 614 1860 675 E.
1888 636 1905 675 ε
1940 600 2272 698 nourrius&
2300 622 2511 701 Μάγνον

308 728 572 802 ἐλοιδόρουν
598 729 641 781 οἱ
681 728 860 802 ἐχθροὶ,
885 730 1319 803 aequuum
1348 728 1414 781 ivi
1439 724 1666 800 δακτύλῳ
1686 729 1772 785 τὴν
1799 728 2012 798 κεφαλὴν
2035 727 2291 800 κνώμενον.
2328 715 2514 789 Conf.

302 814 451 881 Seu.
484 815 784 876 Controv.
810 818 890 892 V,
913 836 977 898 p.
1010 810 1159 877 328.
1189 811 1297 878 Sic
1325 812 1615 876 maledici
1633 813 1703 875 iu
1731 812 2040 877 Caesarem
2058 810 2521 898 epigrammatis

304 932 523 976 versus
551 915 829 975 servavit
883 916 1057 979 Suet.
1108 911 1264 976 Cres.
1301 934 1358 976 c.
1412 911 1535 988 493
1569 922 1635 972 et
1679 910 2269 996 hendecasyllabum
2315 913 2386 975 in
2430 912 2514 997 Q.

309 1010 566 1077 Ciu-ium
618 1009 1057 1096 catilinarium
1085 1057 1102 1086 ,
1147 1008 1651 1073 studiosissimum
1689 1008 2063 1085 aleatorem,
2099 1009 2409 1073 Asconius
2444 1008 2526 1072 ad

308 1110 425 1175 Or.
457 1111 525 1171 in
561 1120 708 1191 toga
746 1111 932 1173 cand.
956 1130 1023 1191 p.
1051 1110 1130 1173 95
1153 1109 1253 1172 ed.
1293 1105 1492 1172 Orell.
1522 1105 2127 1193 Hendecasyllabum
2158 1127 2352 1171 unum
2378 1106 2527 1173 Gel-

310 1208 429 1271 lius
462 1205 575 1280 IX,
628 1209 730 1283 12,
757 1206 972 1291 (quem
1023 1196 1277 1268 exhibet
1316 1205 1505 1268 etiam
1545 1204 1783 1268 Nonius
1822 1223 1888 1267 v.
1942 1205 2374 1276 laboriosum,
2406 1223 2531 1286 quo

314 1308 453 1370 loco
495 1306 694 1369 Hadr.
746 1307 975 1370 Junius
1016 1317 1191 1368 recte
1238 1300 1412 1367 videt
1432 1352 1451 1379 ,
1500 1303 1671 1366 Calvi
1713 1325 1831 1386 pro
1878 1304 2051 1365 Galli
2095 1302 2361 1369 nomine
2390 1303 2530 1367 sub·

315 1407 694 1469 stituendum
736 1427 867 1469 oese
887 1407 940 1491 ),
985 1417 1052 1468 et
1101 1419 1346 1489 partem
1378 1402 1730 1468 hexametri
1763 1426 1844 1469 ex
1880 1401 2205 1469 amatoriis
2243 1403 2527 1471 Macrob.

317 1505 441 1579 111,
474 1505 512 1566 8
537 1530 554 1584 3
583 1506 737 1567 alias
762 1506 1106 1587 particulas
1132 1502 1379 1567 Charis„
1413 1503 1469 1577 1,
1504 1522 1569 1586 p.
1610 1502 1717 1576 61,
1753 1503 1858 1577 78,
1894 1502 2047 1580 1203
2084 1504 2382 1567 carminis
2404 1502 2534 1586 epi·

324 1602 604 1668 thalamii
633 1606 1014 1669 mentionem
1033 1604 1393 1668 Priscianus
1419 1603 1613 1665 habet
1638 1606 1722 1678 V,
1743 1623 1809 1687 p.
1835 1604 1994 1679 658;
2027 1624 2095 1665 v.
2130 1604 2530 1686 Wernsdooef.

323 1709 402 1770 ad
437 1709 646 1772 Poett.
677 1710 847 1771 Latt.
894 1709 1050 1769 min.
1079 1708 1191 1781 lv,
1224 1725 1293 1789 p.
1321 1705 1472 1787 463,
1500 1703 1682 1787 hujus
1709 1707 1960 1785 generis
1984 1707 2267 1769 carmina
2290 1727 2368 1769 ex
2397 1725 2540 1791 pro·

323 1804 525 1886 posito
546 1824 656 1867 suo
686 1803 1108 1883 colligentem.
1137 1796 1321 1865 Calvi
1347 1820 1422 1865 ex
1444 1796 1513 1862 lo‘
1538 1798 1843 1881 tragoedia
1865 1823 2082 1867 versus
2100 1823 2285 1886 quem
2310 1799 2539 1882 virgil.

251 1885 266 1899 ⁸
326 1902 462 1963 Eel.
493 1900 610 1977 VI,
648 1899 757 1974 47,
807 1900 1088 1962 imitatus
1115 1899 1337 1973 fertur,
1389 1895 1470 1958 ab
1498 1898 1706 1981 intpp.
1758 1912 1912 1962 vett.
1960 1901 2041 1961 ad
2074 1900 2138 1962 h.
2176 1896 2224 1963 l.
2262 1911 2547 1965 servatus

327 2012 443 2076 est,
485 2011 552 2061 et
579 1999 734 2061 alius
761 2001 840 2061 ad
868 2000 1046 2073 Vm,
1096 1997 1162 2059 4.
1208 1998 1333 2060 Sed
1381 2017 1524 2061 cum
1552 2010 1815 2079 uterque
1853 1996 2267 2064 hexametrici
2293 1999 2548 2080 generis

323 2098 427 2172 sit,
474 2097 552 2157 de
580 2092 888 2177 tragoedia
925 2094 1122 2158 ferme
1161 2093 1607 2157 dubitaverim.
1649 2097 1965 2158 Proeterea
2011 2116 2228 2179 versus
2254 2091 2548 2159 heroicus

327 2196 653 2260 exhibetur
680 2197 761 2259 ad
787 2198 930 2258 AEn.
962 2197 1053 2270 11,
1089 2194 1250 2271 632,
1287 2215 1367 2259 ex
1394 2191 1718 2259 amatoriis
1750 2216 1767 2257 ε
1812 2220 1843 2253 α
1868 2196 2330 2282 Pollememque
2365 2199 2551 2257 deum

327 2296 687 2362 Venerem»
733 2316 899 2378 sqq„
935 2308 1003 2357 ut
1030 2295 1560 2358 ostendaturdeus
1592 2295 1831 2373 Latinis
1867 2297 2059 2361 etiam
2101 2317 2549 2381 nonnunquam

328 2397 651 2479 utriusque
692 2397 941 2475 generis
976 2408 1324 2477 compotem
1372 2414 1525 2456 esse.
1567 2395 1803 2459 Versus
1838 2397 1959 2461 duo
2001 2398 2081 2461 de
2105 2398 2342 2462 Cerere
2379 2412 2548 2482 θωμ-

332 2508 466 2578 φὸρῳ
507 2505 651 2557 sunt
690 2513 791 2576 ap.
825 2494 1009 2558 Serv.
1039 2492 1118 2554 ad
1145 2492 1288 2553 AEu.
1339 2492 1453 2565 IV,
1499 2492 1606 2565 58,
1638 2505 1703 2554 et
1732 2493 2193 2557 hemistichium
2229 2490 2555 2561 heroicum

332 2612 436 2674 ap.
473 2592 680 2653 eumd.
722 2592 802 2652 ad
820 2591 940 2664 xl,
982 2589 1132 2652 169.
1173 2581 1499 2677 [Pleniora
1535 2589 1668 2650 haec
1699 2609 1802 2677 ap.
1832 2590 2268 2655 Weicbertum
2314 2594 2361 2654 l.
2396 2611 2456 2655 c.
2484 2611 2547 2675 p.

341 2686 682 2852 ηὲθβίθῑέ
730 2782 1110 2845 Marcellum
1133 2826 1156 2855 ,
1197 2784 1269 2844 C.
1324 2783 1691 2854 (hedonem,
1734 2782 1812 2847 L.
1845 2783 2202 2845 Munatium
2236 2785 2554 2851 Plancum

334 2887 640 2951 brevibus
679 2883 1090 2947 absolvamus.
1125 2884 1500 2945 Marcellum
1533 2884 1785 2948 doctum
1811 2894 1878 2946 et
1905 2885 2153 2969 optimis
2178 2885 2554 2955 innutritum

340 2990 563 3052 studiis
583 3034 601 3063 ,
673 2985 997 3049 senatoriae
1031 2987 1357 3049 sententiae
1396 2983 1773 3068 principem,
1820 2983 2072 3067 judiciis
2121 2986 2326 3050 minus
2370 2989 2558 3052 misse

341 3101 579 3173 aptum,
607 3082 910 3150 credibile
951 3096 1047 3148 est
1067 3105 1144 3147 ex
1163 3086 1301 3148 Cic.
1329 3080 1509 3147 Brut.
1537 3105 1594 3149 c.
1628 3086 1736 3160 71,
1761 3087 1871 3167 qui
1903 3085 2069 3149 solus
2091 3086 2263 3150 locus
2290 3099 2412 3164 est,
2435 3108 2558 3172 quo
2630 3102 2639 3111 ·

342 3192 509 3254 illius
527 3202 822 3270 tanquam
852 3184 1203 3270 eloquentis
1230 3186 1458 3272 aliquis
1485 3186 1792 3252 meminit.
1838 3187 1909 3249 C.
1943 3200 2151 3252 autem
2185 3189 2364 3251 Cun'o
2390 3191 2562 3271 inge-

345 3295 455 3359 nio
482 3311 773 3372 magnus,
818 3290 925 3352 sed
959 3289 1332 3353 eruditionis
1373 3293 1453 3354 ad
1492 3274 1693 3375 patris
1736 3290 2082 3377 exemplum
2131 3308 2378 3374 expers,
2432 3291 2564 3356 vim

348 3393 709 3476 popularem
735 3388 978 3468 habuit,
1013 3394 1122 3455 sed
1149 3412 1349 3477 neque
1377 3395 1805 3459 maturitatem
1830 3407 2144 3461 assecutus
2170 3406 2291 3471 est,
2333 3413 2562 3477 neque,

350 3506 495 3552 cum
537 3486 1086 3551 turbulentissimis
1118 3490 1307 3553 rebus
1327 3493 1727 3556 turbulentus
1752 3492 1884 3575 ipae
1904 3493 2211 3557 immistus
2234 3492 2563 3567 occiderit,

353 3583 720 3653 memoriam
760 3607 932 3649 suam
970 3587 1174 3650 literis
1210 3589 1643 3671 consignatam
1672 3591 1950 3674 reliquit.
1993 3593 2265 3653 Plancus
2302 3593 2569 3675 denique

357 3687 651 3751 eximiam
693 3684 966 3751 indolem
1012 3684 1036 3767 (
1050 3688 1213 3747 unde
1260 3687 1431 3750 inter
1477 3689 1802 3752 Ciceronis
1858 3687 2195 3773 discipulos
2242 3696 2568 3779 acceptus)

363 3790 637 3852 moribus
656 3782 1006 3851 foedissimis
1033 3785 1500 3863 dehonestavit3
1533 3809 1650 3853 nec
1679 3785 1814 3871 ipse
1842 3787 2011 3854 iniis
2036 3788 2178 3870 fuit,
2208 3794 2313 3874 qui
2342 3808 2575 3877 praeter

368 3886 592 3949 famam
631 3905 803 3949 suam
848 3884 1180 3967 quidquam
1210 3886 1587 3967 posteritatis
1612 3889 1929 3951 memoriae
1956 3888 2440 3956 transmiserint.
2472 3891 2582 3958 Sic

374 3982 567 4043 etiam
607 3982 688 4041 M
696 3992 711 4042 .'
749 3980 898 4041 Cato
923 3979 1235 4064 perfectus
1272 3993 1487 4045 orator
1514 3982 1579 4045 in
1616 3980 1869 4060 Stoicis,
1901 3985 2136 4049 Rutilio
2164 3987 2270 4049 illo
2301 4008 2428 4050 non
2473 3989 2584 4051 ab-

379 4074 624 4152 similis,
663 4080 770 4140 sed
794 4079 965 4140 cultu
992 4081 1299 4162 superior,
1352 4099 1594 4153 morum
1623 4100 1858 4162 genere
1880 4102 1918 4146 a
1944 4079 2150 4147 causis
2178 4082 2460 4147 dicendis
2485 4086 2596 4149 ab·

384 4174 651 4254 horruit,
692 4190 822 4238 tum
850 4175 1161 4258 gravitate
1185 4180 1423 4243 alienus
1462 4181 1542 4243 ab
1589 4184 1962 4261 accusando,
2016 4198 2150 4248 tum
2194 4184 2528 4251 severitate
2556 4209 2595 4250 a

383 4277 510 4339 reis
538 4275 969 4358 qualicumque
999 4276 1212 4340 fraude
1253 4276 1617 4360 eripiendis.
1659 4280 1872 4364 Quare
1904 4281 2099 4347 multa
2138 4282 2320 4367 hujus
2356 4282 2483 4347 viri
2527 4281 2595 4345 in
