3367 5417
336 583 616 654 mulieris
639 581 1021 663 libertatem,
1049 586 1353 651 Cicerone
1377 587 1768 665 defendente,
1798 582 2188 668 impugnavit
2214 589 2287 651 P·
2328 585 2537 650 Servi-

337 686 447 761 lio,
482 686 604 766 Ap.
629 680 889 746 Claudio
907 686 1081 750 Coss.
1105 705 1165 747 a.
1193 686 1338 749 674.
1368 682 1616 748 Titiniae
1633 681 1861 760 deinde
1882 706 2024 749 cum
2043 683 2343 747 Cicerone
2366 682 2542 748 affuit

336 785 408 847 in
431 782 668 864 judicio
707 777 951 866 privato
979 785 1081 847 vel
1120 786 1411 861 maximo,
1457 805 1599 849 cum
1634 785 1827 850 Curio
1863 805 1980 869 pro
2009 782 2276 870 petitore
2301 782 2543 847 diceret

336 883 479 947 Ser.
508 881 721 944 Naevio
747 879 901 966 (Cic.
936 884 1114 947 Brut.
1148 904 1208 948 c.
1234 884 1359 968 60).
1406 886 1566 947 Nam
1597 883 1785 967 Oppii
1820 903 2027 958 causa,
2057 904 2239 966 quem
2273 881 2545 945 defendit

336 975 588 1051 Cicero,
608 997 737 1041 non
762 979 953 1053 hunc,
976 983 1086 1043 sed
1109 982 1195 1042 Μ.
1221 982 1461 1045 Cottam
1482 981 1747 1044 fratrem
1770 993 2037 1065 spectat.
2069 979 2251 1044 Conl'.
2273 977 2537 1063 Quintil.

338 1081 419 1153 V,
447 1077 552 1154 10,
581 1079 686 1153 69;
726 1078 828 1155 13,
855 1079 974 1156 2ος
1022 1081 1133 1153 xl,
1176 1080 1236 1157 1,
1279 1080 1385 1145 67.
1434 1078 1680 1145 Deinde
1721 1082 1843 1146 Cn.
1886 1080 2275 1145 Dolabellam
2311 1080 2434 1144 Cn.
2465 1080 2536 1140 F.

339 1187 566 1237 contra
592 1175 667 1239 C.
692 1174 993 1239 Caesarem
1013 1176 1287 1242 defendit
1322 1199 1381 1241 a.
1409 1180 1570 1255 676;
1613 1198 1797 1262 quem
1833 1176 2087 1261 patroni
2125 1176 2547 1261 praepollentis

339 1271 408 1337 vi
432 1274 555 1337 sibi
581 1274 741 1358 eripi
759 1274 966 1340 Caesar
992 1290 1242 1359 questus
1268 1289 1388 1342 est.
1429 1280 1527 1343 De
1550 1279 1673 1342 hac
1697 1281 2122 1354 accusatione,
2165 1298 2248 1340 ne
2286 1276 2365 1338 ab
2406 1273 2549 1339 aliis

339 1374 512 1437 dicta
536 1388 909 1459 repetamus,
936 1379 1015 1441 ad
1035 1378 1321 1459 Pighium
1346 1381 1514 1442 Anu.
1539 1381 1654 1456 111,
1677 1399 1744 1461 p.
1770 1378 1894 1443 280
1923 1381 2069 1443 coll.
2095 1378 2244 1454 286,
2268 1378 2548 1458 relegan-

344 1472 461 1534 dos
475 1472 756 1535 ducimus
768 1473 1053 1540 lectores.
1086 1479 1244 1541 Nam
1260 1478 1380 1539 suit
1399 1476 1558 1539 alius
1580 1477 1930 1551 Dolabella,
1952 1479 2026 1539 L.
2045 1478 2121 1538 F.
2146 1496 2183 1538 a
2201 1480 2288 1539 M.
2310 1477 2550 1539 Scauro

342 1570 735 1634 adolescente
762 1571 1108 1636 damnatus.
1141 1577 1455 1638 Praeterea
1474 1574 1673 1637 Cottae
1698 1574 1825 1638 Pro
1855 1576 1927 1636 L.
1947 1572 2206 1635 veterio
2227 1573 2393 1634 liber
2422 1569 2548 1652 pri·

346 1686 484 1729 mus
533 1666 863 1732 adducitur
910 1688 948 1730 a
990 1669 1279 1733 Charisio
1321 1669 1412 1744 11,
1448 1687 1515 1750 Ρ.
1542 1668 1700 1744 195;
1761 1688 1941 1748 quem
1978 1669 2310 1730 Veturium
2365 1662 2554 1728 fuisse

346 1762 701 1846 suspiceris,
750 1765 867 1827 nisi
907 1766 1114 1845 gentis
1142 1763 1414 1829 Veturioe
1440 1783 1515 1826 eo
1551 1775 1834 1847 tempore
1870 1765 2171 1827 memoria
2213 1765 2321 1825 vix
2345 1779 2554 1844 super-

347 1875 534 1930 esset.
583 1863 829 1926 Deinde
876 1866 1067 1927 etiam
1094 1865 1261 1926 hunc
1285 1864 1531 1928 Cottam
1572 1862 1813 1927 Veterii
1852 1875 2191 1946 patronum
2228 1862 2414 1924 fuisse
2449 1863 2555 1922 du·

347 1955 543 2020 bitari
585 1970 809 2041 potest.
846 1956 1029 2024 Dixit
1069 1960 1238 2021 enim
1265 1956 1491 2022 Cicero
1516 1958 1586 2020 in
1613 1958 1905 2023 Oratore.
1953 1980 2012 2022 c.
2037 1958 2148 2035 38,
2181 1958 2337 2020 nihil
2363 1957 2562 2022 Cottae

346 2055 650 2137 scriptum
676 2074 969 2128 manere;
1002 2068 1073 2116 ut
1098 2056 1177 2117 de
1199 2053 1529 2118 Messalino
1561 2054 1773 2128 Cotta,
1797 2054 2070 2118 Corvini
2094 2054 2246 2130 filio,
2282 2051 2558 2133 cogitare

347 2154 696 2217 adducaris.
730 2155 856 2218 Sed
873 2156 1013 2218 hoec
1037 2167 1168 2217 tota
1195 2154 1465 2217 incerta.
1504 2153 1873 2221 Orationem
1897 2154 2095 2218 Cottae
2127 2155 2196 2217 in
2233 2155 2559 2217 consulatu

344 2251 512 2334 apud
548 2250 905 2316 Sallustium
944 2252 1285 2315 secundum
1311 2253 1449 2314 veri
1492 2252 1807 2331 quandam
1846 2248 2313 2316 similitudinem
2347 2250 2560 2315 fictam

347 2367 482 2411 esse
513 2360 1001 2412 consentaneum
1025 2361 1141 2412 est.
1195 2349 1349 2431 Quae
1388 2349 1585 2412 Cottae
1622 2347 2112 2423 inscribebatur,
2159 2350 2297 2429 lege
2326 2347 2554 2428 Varia,

347 2466 488 2510 eam
517 2467 555 2509 a
581 2449 654 2509 L.
686 2447 846 2511 AElio
880 2445 1079 2510 Cottae
1118 2460 1343 2527 rogatu
1368 2447 1773 2528 compositam
1811 2448 2009 2512 refert
2034 2446 2259 2511 Cicero
2282 2450 2459 2511 Brut.
2494 2470 2555 2512 c.

351 2546 458 2622 56,
484 2545 630 2608 205.
666 2543 776 2633 [V.
800 2544 882 2607 fr.
910 2564 975 2627 Ρ.
1008 2543 1126 2609 163
1151 2540 1279 2631 sq.]
1301 2575 1386 2591 ·-—
1411 2541 1522 2604 His
1548 2543 1638 2607 ita
1663 2546 1907 2628 positis,
1940 2545 2215 2627 locisque
2243 2541 2311 2606 in
2341 2543 2562 2627 primis

347 2644 783 2711 Ciceronianis
811 2645 1209 2730 comparatis,
1233 2646 1309 2707 de
1328 2644 1514 2710 Cotta
1542 2656 1796 2709 oratore
1822 2644 2008 2708 facile
2035 2646 2161 2706 erit
2179 2645 2556 2709 existimare.

350 2746 677 2810 Summum
707 2744 809 2805 vel
852 2744 1023 2807 inter
1063 2760 1334 2806 summos
1367 2742 1696 2824 oequalium
1730 2753 2052 2806 oratorum
2088 2741 2273 2805 fuisse
2302 2754 2565 2806 testatur

353 2844 493 2908 Cic.
516 2846 698 2907 Brut.
725 2864 781 2906 c.
809 2844 917 2916 55,
953 2845 1113 2926 Epp.
1142 2833 1222 2904 ad
1244 2845 1380 2906 Att.
1402 2843 1556 2920 XII,
1582 2842 1691 2913 20,
1722 2861 2057 2925 paremque
2082 2841 2313 2907 Caesari
2339 2856 2404 2906 et
2429 2843 2563 2907 Sul·

354 2938 525 3027 picio
560 2928 847 3004 habitum
880 2938 1184 3007 Asconius
1210 2936 1434 3002 scribit
1471 2938 1550 2999 ad
1581 2935 1836 3001 Cornel.
1866 2959 1932 3022 p.
1965 2938 2046 3001 66
2074 2941 2176 3002 ed.
2199 2939 2396 3004 Orell.
2445 2941 2566 3003 Sed

356 3042 643 3123 quamvis
669 3054 850 3107 acute
875 3040 1214 3115 inveniret,
1247 3039 1648 3120 limatumque
1673 3034 1925 3101 dicendi
1955 3057 2150 3120 genus
2178 3052 2566 3102 consectare-

353 3151 482 3216 tur,
514 3138 595 3204 ob
632 3139 901 3202 laterum
935 3136 1369 3199 infirmitatem
1407 3156 1445 3198 a
1482 3136 1885 3199 contentione
1925 3135 2245 3199 abstinere
2285 3146 2562 3210 coactus,

356 3236 437 3298 ab
474 3237 810 3300 Hortensio
850 3235 1241 3300 adolescente
1276 3234 1715 3317 superabatur,
1750 3233 2032 3316 quamvis
2057 3229 2308 3297 nomine
2336 3231 2569 3315 primas

358 3349 576 3414 ageret
601 3336 671 3399 in
693 3333 947 3419 judiciis
982 3335 1195 3420 (Brut.
1229 3356 1286 3400 c.
1316 3335 1458 3414 92).
1504 3330 1681 3398 Nihil
1713 3332 1884 3398 enim
1911 3334 2106 3411 dixit,
2138 3332 2302 3415 quod
2330 3331 2568 3413 grande

358 3446 521 3495 esset
547 3446 614 3495 et
638 3432 890 3508 elatum,
920 3434 1083 3496 unde
1111 3433 1378 3510 Atticus,
1411 3433 1482 3496 in
1518 3434 1715 3496 Bruto
1749 3432 1840 3517 (c.
1879 3429 1999 3518 86)
2043 3427 2321 3496 censoris
2357 3440 2570 3511 partes

357 3548 550 3609 agens
579 3545 706 3591 non
733 3548 882 3592 sane
907 3526 1253 3594 honorifice
1280 3532 1359 3591 de
1385 3529 1518 3610 ejus
1543 3528 1898 3610 eloquentia
1923 3526 2259 3592 existimat.
2296 3529 2527 3589 Tamen
2543 3569 2562 3599 ,

356 3643 431 3694 ut
450 3629 819 3691 Hortensius
834 3674 857 3702 ,
900 3647 1015 3711 per
1041 3626 1293 3709 aliquod
1321 3641 1563 3710 tempus
1589 3628 1938 3708 exemplum
1965 3625 2263 3694 Ciceroni
2286 3622 2406 3686 fuit
2430 3624 2564 3686 imi·

354 3723 583 3790 tationi
610 3725 1021 3811 propositum.
1073 3726 1251 3791 Artis
1276 3736 1484 3786 autem
1530 3737 1597 3786 et
1634 3723 1706 3785 in
1744 3725 2023 3787 oratoria
2048 3722 2342 3788 facultate
2382 3743 2567 3807 expo·

357 3823 591 3910 lienda,
618 3838 683 3890 et
705 3826 776 3890 in
796 3824 1053 3907 reliquis
1074 3823 1443 3907 disciplinis,
1465 3822 1535 3887 in
1567 3821 1792 3907 primis
1820 3823 2225 3908 philosophia,
2253 3820 2570 3906 accipien-

362 3925 460 3989 dis
477 3971 495 4000 ,
545 3926 831 4008 cupidum
877 3923 1098 3999 fuisse,
1147 3923 1309 3987 haud
1356 3919 1864 4006 improbabiliter
1909 3920 2246 3988 existimes.
2301 3925 2461 3985 Nam
2504 3935 2570 3983 et

359 4020 749 4101 dialogorum
768 4023 866 4083 De
889 4033 1140 4088 oratore
1163 4020 1373 4103 capita
1394 4039 1432 4082 a
1449 4018 1638 4083 Cotta
1653 4040 1789 4084 sese
1815 4020 2123 4102 accepisoe
2144 4019 2369 4083 Cicero
2391 4015 2570 4078 fiuxit

354 4118 457 4203 (1,
492 4118 607 4196 883
658 4119 776 4195 111,
817 4116 892 4203 4)
931 4130 997 4194 et
1036 4108 1419 4183 Academicoe
1443 4129 1628 4180 sectae
1659 4114 1912 4201 placitis
1936 4115 2239 4181 imbutum
2265 4111 2448 4178 libris
2471 4115 2569 4176 De

361 4231 590 4286 natura
619 4221 876 4285 deorum
908 4221 1201 4300 ostendit,
1225 4240 1368 4283 cum
1389 4219 1647 4304 Epicuri
1679 4232 1744 4284 et
1773 4221 2042 4284 Zenonis
2068 4231 2378 4304 praecepta
2403 4215 2564 4282 refu·
