<?xml version="1.0" encoding="UTF-8"?>
<!DOCTYPE html PUBLIC "-//W3C//DTD XHTML 1.0 Transitional//EN"
    "http://www.w3.org/TR/xhtml1/DTD/xhtml1-transitional.dtd">
<html xmlns="http://www.w3.org/1999/xhtml" xml:lang="en" lang="en">
 <head>
  <title>
</title>
<meta http-equiv="Content-Type" content="text/html;charset=utf-8" />
  <meta name='ocr-system' content='tesseract 3.04.00' />
  <meta name='ocr-capabilities' content='ocr_page ocr_carea ocr_par ocr_line ocrx_word'/>
</head>
<body>
  <div class='ocr_page' id='page_1' title='image "./oratorumromanor00ellegoog/oratorumromanor00ellegoog_0142.png"; bbox 0 0 3367 5417; ppageno 0'>
   <div class='ocr_carea' id='block_1_1' title="bbox 640 597 2999 4339">
    <p class='ocr_par' dir='ltr' id='par_1_1' title="bbox 769 597 2983 1844">
     <span class='ocr_line' id='line_1_1' title="bbox 769 597 2974 685; baseline 0.004 -25"><span class='ocrx_word' id='word_1_1' title='bbox 769 597 1029 664; x_wconf 84' lang='lat' dir='ltr'><strong>totidem</strong></span> <span class='ocrx_word' id='word_1_2' title='bbox 1060 619 1230 682; x_wconf 78' lang='lat' dir='ltr'><strong>poene</strong></span> <span class='ocrx_word' id='word_1_3' title='bbox 1257 602 1537 683; x_wconf 75' lang='lat' dir='ltr'>reperias</span> <span class='ocrx_word' id='word_1_4' title='bbox 1565 599 1959 682; x_wconf 77' lang='lat' dir='ltr'><strong>ingeniorum</strong></span> <span class='ocrx_word' id='word_1_5' title='bbox 1997 614 2145 684; x_wconf 86' lang='lat' dir='ltr'><strong>quot</strong></span> <span class='ocrx_word' id='word_1_6' title='bbox 2179 620 2512 685; x_wconf 85' lang='lat' dir='ltr'><strong>corporum</strong></span> <span class='ocrx_word' id='word_1_7' title='bbox 2545 603 2803 665; x_wconf 72' lang='lat' dir='ltr'><strong>formas.</strong></span> <span class='ocrx_word' id='word_1_8' title='bbox 2845 605 2974 670; x_wconf 74' lang='lat' dir='ltr'><strong>Sed</strong></span> 
     </span>
     <span class='ocr_line' id='line_1_2' title="bbox 769 697 2967 782; baseline 0.004 -25"><span class='ocrx_word' id='word_1_9' title='bbox 769 697 944 761; x_wconf 74' lang='lat' dir='ltr'><strong>suere</strong></span> <span class='ocrx_word' id='word_1_10' title='bbox 972 700 1246 779; x_wconf 63' lang='lat' dir='ltr'><strong>quaedam</strong></span> <span class='ocrx_word' id='word_1_11' title='bbox 1273 719 1505 779; x_wconf 83' lang='lat' dir='ltr'><strong>genera</strong></span> <span class='ocrx_word' id='word_1_12' title='bbox 1534 698 1786 764; x_wconf 85' lang='lat' dir='ltr'><strong>dicendi</strong></span> <span class='ocrx_word' id='word_1_13' title='bbox 1818 697 2168 764; x_wconf 84' lang='lat' dir='ltr'><strong>conditione</strong></span> <span class='ocrx_word' id='word_1_14' title='bbox 2194 714 2544 782; x_wconf 78' lang='lat' dir='ltr'><strong>temporum</strong></span> <span class='ocrx_word' id='word_1_15' title='bbox 2572 699 2967 780; x_wconf 79' lang='lat' dir='ltr'>horridiora,</span> 
     </span>
     <span class='ocr_line' id='line_1_3' title="bbox 771 795 2976 884; baseline 0.005 -27"><span class='ocrx_word' id='word_1_16' title='bbox 771 795 1008 879; x_wconf 76' lang='lat' dir='ltr'>alioqui</span> <span class='ocrx_word' id='word_1_17' title='bbox 1052 819 1340 880; x_wconf 77' lang='lat' dir='ltr'><strong>magnam</strong></span> <span class='ocrx_word' id='word_1_18' title='bbox 1376 800 1508 881; x_wconf 86' lang='lat' dir='ltr'><strong>jam</strong></span> <span class='ocrx_word' id='word_1_19' title='bbox 1553 798 1794 880; x_wconf 85' lang='lat' dir='ltr'><strong>ingenii</strong></span> <span class='ocrx_word' id='word_1_20' title='bbox 1835 798 1964 862; x_wconf 82' lang='lat' dir='ltr'><strong>vim</strong></span> <span class='ocrx_word' id='word_1_21' title='bbox 2013 821 2142 884; x_wconf 81' lang='lat' dir='ltr'><strong>proe</strong></span> <span class='ocrx_word' id='word_1_22' title='bbox 2185 821 2253 863; x_wconf 86' lang='lat' dir='ltr'><strong>se</strong></span> <span class='ocrx_word' id='word_1_23' title='bbox 2292 798 2584 864; x_wconf 71' lang='lat' dir='ltr'><strong>ferentia.</strong></span> <span class='ocrx_word' id='word_1_24' title='bbox 2637 799 2806 866; x_wconf 85' lang='lat' dir='ltr'><strong>Hinc</strong></span> <span class='ocrx_word' id='word_1_25' title='bbox 2843 800 2976 867; x_wconf 82' lang='lat' dir='ltr'><strong>sint</strong></span> 
     </span>
     <span class='ocr_line' id='line_1_4' title="bbox 771 894 2977 987; baseline 0.005 -32"><span class='ocrx_word' id='word_1_26' title='bbox 771 894 975 966; x_wconf 81' lang='lat' dir='ltr'><strong>Laelii,</strong></span> <span class='ocrx_word' id='word_1_27' title='bbox 1004 900 1329 978; x_wconf 77' lang='lat' dir='ltr'><strong>Afiicani,</strong></span> <span class='ocrx_word' id='word_1_28' title='bbox 1365 900 1623 959; x_wconf 80' lang='lat' dir='ltr'><strong>Catones</strong></span> <span class='ocrx_word' id='word_1_29' title='bbox 1648 896 1840 961; x_wconf 83' lang='lat' dir='ltr'><strong>etiam</strong></span> <span class='ocrx_word' id='word_1_30' title='bbox 1866 898 2278 981; x_wconf 72' lang='lat' dir='ltr'><em>Gracchique,</em></span> <span class='ocrx_word' id='word_1_31' title='bbox 2313 918 2469 980; x_wconf 83' lang='lat' dir='ltr'><strong>quos</strong></span> <span class='ocrx_word' id='word_1_32' title='bbox 2504 911 2574 961; x_wconf 91' lang='lat' dir='ltr'><strong>tu</strong></span> <span class='ocrx_word' id='word_1_33' title='bbox 2606 895 2759 962; x_wconf 86' lang='lat' dir='ltr'><strong>licet</strong></span> <span class='ocrx_word' id='word_1_34' title='bbox 2790 902 2977 987; x_wconf 80' lang='lat' dir='ltr'><strong>Poly-</strong></span> 
     </span>
     <span class='ocr_line' id='line_1_5' title="bbox 770 993 2977 1078; baseline 0.003 -24"><span class='ocrx_word' id='word_1_35' title='bbox 770 1005 993 1069; x_wconf 78' lang='lat' dir='ltr'><strong>gnotos</strong></span> <span class='ocrx_word' id='word_1_36' title='bbox 1036 997 1140 1058; x_wconf 81' lang='lat' dir='ltr'><strong>vel</strong></span> <span class='ocrx_word' id='word_1_37' title='bbox 1184 995 1475 1059; x_wconf 80' lang='lat' dir='ltr'><strong>Callonas</strong></span> <span class='ocrx_word' id='word_1_38' title='bbox 1526 996 1824 1078; x_wconf 77' lang='lat' dir='ltr'><strong>appelles.</strong></span> <span class='ocrx_word' id='word_1_39' title='bbox 1882 994 2151 1059; x_wconf 82' lang='lat' dir='ltr'>Mediam</span> <span class='ocrx_word' id='word_1_40' title='bbox 2196 993 2367 1057; x_wconf 87' lang='lat' dir='ltr'><strong>illam</strong></span> <span class='ocrx_word' id='word_1_41' title='bbox 2409 995 2673 1058; x_wconf 73' lang='lat' dir='ltr'><strong>formam</strong></span> <span class='ocrx_word' id='word_1_42' title='bbox 2720 1011 2977 1061; x_wconf 82' lang='lat' dir='ltr'><strong>teneant</strong></span> 
     </span>
     <span class='ocr_line' id='line_1_6' title="bbox 770 1091 2974 1178; baseline 0.005 -29"><span class='ocrx_word' id='word_1_43' title='bbox 770 1091 850 1155; x_wconf 87' lang='lat' dir='ltr'><strong>L.</strong></span> <span class='ocrx_word' id='word_1_44' title='bbox 882 1094 1164 1166; x_wconf 59' lang='lat' dir='ltr'><strong>crassam,</strong></span> <span class='ocrx_word' id='word_1_45' title='bbox 1200 1098 1283 1178; x_wconf 84' lang='lat' dir='ltr'><strong>Q.</strong></span> <span class='ocrx_word' id='word_1_46' title='bbox 1315 1098 1696 1157; x_wconf 79' lang='lat' dir='ltr'><strong>Hortensius.</strong></span> <span class='ocrx_word' id='word_1_47' title='bbox 1737 1099 1894 1158; x_wconf 89' lang='lat' dir='ltr'><strong>Tum</strong></span> <span class='ocrx_word' id='word_1_48' title='bbox 1930 1094 2154 1159; x_wconf 88' lang='lat' dir='ltr'><strong>deinde</strong></span> <span class='ocrx_word' id='word_1_49' title='bbox 2189 1095 2539 1161; x_wconf 83' lang='lat' dir='ltr'><strong>efflorescat</strong></span> <span class='ocrx_word' id='word_1_50' title='bbox 2566 1116 2691 1159; x_wconf 87' lang='lat' dir='ltr'><strong>nou</strong></span> <span class='ocrx_word' id='word_1_51' title='bbox 2716 1098 2974 1160; x_wconf 82' lang='lat' dir='ltr'><strong>multum</strong></span> 
     </span>
     <span class='ocr_line' id='line_1_7' title="bbox 770 1191 2975 1277; baseline 0.001 -21"><span class='ocrx_word' id='word_1_52' title='bbox 770 1192 942 1256; x_wconf 88' lang='lat' dir='ltr'><strong>inter</strong></span> <span class='ocrx_word' id='word_1_53' title='bbox 984 1212 1050 1254; x_wconf 81' lang='lat' dir='ltr'><strong>se</strong></span> <span class='ocrx_word' id='word_1_54' title='bbox 1091 1191 1453 1256; x_wconf 86' lang='lat' dir='ltr'><strong>distantium</strong></span> <span class='ocrx_word' id='word_1_55' title='bbox 1495 1206 1778 1277; x_wconf 83' lang='lat' dir='ltr'><strong>tempore</strong></span> <span class='ocrx_word' id='word_1_56' title='bbox 1822 1207 2139 1256; x_wconf 80' lang='lat' dir='ltr'><strong>oratorum</strong></span> <span class='ocrx_word' id='word_1_57' title='bbox 2176 1191 2396 1272; x_wconf 80' lang='lat' dir='ltr'><strong>ingens</strong></span> <span class='ocrx_word' id='word_1_58' title='bbox 2436 1206 2802 1276; x_wconf 75' lang='lat' dir='ltr'><strong>proventus.</strong></span> <span class='ocrx_word' id='word_1_59' title='bbox 2854 1192 2975 1258; x_wconf 83' lang='lat' dir='ltr'><strong>Hic</strong></span> 
     </span>
     <span class='ocr_line' id='line_1_8' title="bbox 769 1286 2977 1374; baseline 0.001 -23"><span class='ocrx_word' id='word_1_60' title='bbox 769 1286 902 1351; x_wconf 73' lang='lat' dir='ltr'><strong>vim</strong></span> <span class='ocrx_word' id='word_1_61' title='bbox 938 1290 1226 1360; x_wconf 59' lang='lat' dir='ltr'><strong>Caesam,</strong></span> <span class='ocrx_word' id='word_1_62' title='bbox 1270 1288 1541 1353; x_wconf 81' lang='lat' dir='ltr'><strong>indolem</strong></span> <span class='ocrx_word' id='word_1_63' title='bbox 1579 1291 1793 1374; x_wconf 66' lang='lat' dir='ltr'><strong>Caelii,</strong></span> <span class='ocrx_word' id='word_1_64' title='bbox 1842 1288 2251 1354; x_wconf 77' lang='lat' dir='ltr'><strong>subtilitatem</strong></span> <span class='ocrx_word' id='word_1_65' title='bbox 2292 1291 2553 1364; x_wconf 64' lang='lat' dir='ltr'><strong>Calidis,</strong></span> <span class='ocrx_word' id='word_1_66' title='bbox 2586 1286 2977 1371; x_wconf 81' lang='lat' dir='ltr'><strong>diligentium</strong></span> 
     </span>
     <span class='ocr_line' id='line_1_9' title="bbox 771 1388 2978 1470; baseline 0.002 -19"><span class='ocrx_word' id='word_1_67' title='bbox 771 1389 1114 1460; x_wconf 79' lang='lat' dir='ltr'><strong>Pollionis,</strong></span> <span class='ocrx_word' id='word_1_68' title='bbox 1155 1388 1523 1470; x_wconf 75' lang='lat' dir='ltr'><strong>(lignitatem</strong></span> <span class='ocrx_word' id='word_1_69' title='bbox 1551 1391 1849 1452; x_wconf 74' lang='lat' dir='ltr'><strong>Messalae</strong></span> <span class='ocrx_word' id='word_1_70' title='bbox 1863 1438 1885 1465; x_wconf 91' lang='lat'><strong>,</strong></span> <span class='ocrx_word' id='word_1_71' title='bbox 1921 1388 2316 1455; x_wconf 79' lang='lat' dir='ltr'><strong>sanctitatem</strong></span> <span class='ocrx_word' id='word_1_72' title='bbox 2359 1391 2558 1461; x_wconf 74' lang='lat' dir='ltr'><strong>Calvi,</strong></span> <span class='ocrx_word' id='word_1_73' title='bbox 2600 1388 2978 1470; x_wconf 70' lang='lat' dir='ltr'><strong>gravitatem</strong></span> 
     </span>
     <span class='ocr_line' id='line_1_10' title="bbox 773 1485 2983 1572; baseline 0.003 -27"><span class='ocrx_word' id='word_1_74' title='bbox 773 1488 954 1546; x_wconf 78' lang='lat' dir='ltr'><strong>Bruti</strong></span> <span class='ocrx_word' id='word_1_75' title='bbox 964 1530 985 1556; x_wconf 91' lang='lat'><em>‚</em></span> <span class='ocrx_word' id='word_1_76' title='bbox 1030 1508 1291 1550; x_wconf 78' lang='lat' dir='ltr'><strong>acumen</strong></span> <span class='ocrx_word' id='word_1_77' title='bbox 1320 1490 1613 1569; x_wconf 74' lang='lat' dir='ltr'><strong>Sulpicii,</strong></span> <span class='ocrx_word' id='word_1_78' title='bbox 1652 1486 2061 1552; x_wconf 78' lang='lat' dir='ltr'><strong>acerbitatem</strong></span> <span class='ocrx_word' id='word_1_79' title='bbox 2098 1491 2300 1549; x_wconf 78' lang='lat' dir='ltr'><strong>Cassii</strong></span> <span class='ocrx_word' id='word_1_80' title='bbox 2334 1485 2744 1572; x_wconf 78' lang='lat' dir='ltr'><strong>reperiemus·</strong></span> <span class='ocrx_word' id='word_1_81' title='bbox 2795 1490 2872 1551; x_wconf 84' lang='lat' dir='ltr'><strong>ln</strong></span> <span class='ocrx_word' id='word_1_82' title='bbox 2902 1486 2983 1551; x_wconf 87' lang='lat' dir='ltr'><strong>iis</strong></span> 
     </span>
     <span class='ocr_line' id='line_1_11' title="bbox 776 1588 2982 1676; baseline 0.002 -29"><span class='ocrx_word' id='word_1_83' title='bbox 776 1599 1005 1660; x_wconf 85' lang='lat' dir='ltr'><strong>autem,</strong></span> <span class='ocrx_word' id='word_1_84' title='bbox 1041 1611 1191 1671; x_wconf 86' lang='lat' dir='ltr'><strong>quos</strong></span> <span class='ocrx_word' id='word_1_85' title='bbox 1219 1589 1340 1674; x_wconf 88' lang='lat' dir='ltr'><strong>ipsi</strong></span> <span class='ocrx_word' id='word_1_86' title='bbox 1367 1588 1658 1666; x_wconf 75' lang='lat' dir='ltr'><strong>vidimuS,</strong></span> <span class='ocrx_word' id='word_1_87' title='bbox 1692 1592 1933 1676; x_wconf 87' lang='lat' dir='ltr'><strong>copiam</strong></span> <span class='ocrx_word' id='word_1_88' title='bbox 1961 1591 2237 1665; x_wconf 74' lang='lat' dir='ltr'><strong>Senecoe,</strong></span> <span class='ocrx_word' id='word_1_89' title='bbox 2260 1591 2429 1652; x_wconf 78' lang='lat' dir='ltr'><strong>vires</strong></span> <span class='ocrx_word' id='word_1_90' title='bbox 2444 1591 2757 1672; x_wconf 81' lang='lat' dir='ltr'><strong>Africani,</strong></span> <span class='ocrx_word' id='word_1_91' title='bbox 2791 1604 2982 1652; x_wconf 89' lang='lat' dir='ltr'><strong>matu-</strong></span> 
     </span>
     <span class='ocr_line' id='line_1_12' title="bbox 776 1682 2980 1771; baseline 0.002 -26"><span class='ocrx_word' id='word_1_92' title='bbox 776 1682 1028 1748; x_wconf 83' lang='lat' dir='ltr'><strong>ritatem</strong></span> <span class='ocrx_word' id='word_1_93' title='bbox 1048 1687 1233 1768; x_wconf 84' lang='lat' dir='ltr'><strong>Afri,</strong></span> <span class='ocrx_word' id='word_1_94' title='bbox 1257 1688 1709 1771; x_wconf 87' lang='lat' dir='ltr'><strong>jucunditatem</strong></span> <span class='ocrx_word' id='word_1_95' title='bbox 1734 1691 1970 1769; x_wconf 71' lang='lat' dir='ltr'><strong>Crispi,</strong></span> <span class='ocrx_word' id='word_1_96' title='bbox 2000 1707 2218 1752; x_wconf 85' lang='lat' dir='ltr'><strong>sonum</strong></span> <span class='ocrx_word' id='word_1_97' title='bbox 2250 1687 2571 1765; x_wconf 77' lang='lat' dir='ltr'><strong>Trachali,</strong></span> <span class='ocrx_word' id='word_1_98' title='bbox 2609 1683 2980 1766; x_wconf 80' lang='lat' dir='ltr'><strong>elegantiam</strong></span> 
     </span>
     <span class='ocr_line' id='line_1_13' title="bbox 773 1784 1060 1844; baseline 0 -1"><span class='ocrx_word' id='word_1_99' title='bbox 773 1784 1060 1844; x_wconf 74' lang='lat' dir='ltr'><strong>Secundi,</strong></span> 
     </span>
    </p>

    <p class='ocr_par' dir='ltr' id='par_1_2' title="bbox 772 1881 2985 2069">
     <span class='ocr_line' id='line_1_14' title="bbox 857 1881 2985 1967; baseline -0 -22"><span class='ocrx_word' id='word_1_100' title='bbox 857 1883 1025 1947; x_wconf 78' lang='lat' dir='ltr'><strong>Ptin.</strong></span> <span class='ocrx_word' id='word_1_101' title='bbox 1050 1883 1250 1965; x_wconf 80' lang='lat' dir='ltr'><strong>Epist.</strong></span> <span class='ocrx_word' id='word_1_102' title='bbox 1277 1886 1340 1957; x_wconf 89' lang='lat'><strong>1,</strong></span> <span class='ocrx_word' id='word_1_103' title='bbox 1367 1885 1486 1947; x_wconf 79' lang='lat'><strong>20:</strong></span> <span class='ocrx_word' id='word_1_104' title='bbox 1525 1887 1848 1967; x_wconf 80' lang='lat' dir='ltr'><strong>Frequens</strong></span> <span class='ocrx_word' id='word_1_105' title='bbox 1876 1883 2033 1947; x_wconf 89' lang='lat' dir='ltr'><strong>mihi</strong></span> <span class='ocrx_word' id='word_1_106' title='bbox 2061 1881 2401 1967; x_wconf 86' lang='lat' dir='ltr'><strong>disputatio</strong></span> <span class='ocrx_word' id='word_1_107' title='bbox 2426 1893 2527 1946; x_wconf 86' lang='lat' dir='ltr'><strong>est</strong></span> <span class='ocrx_word' id='word_1_108' title='bbox 2551 1902 2693 1945; x_wconf 91' lang='lat' dir='ltr'><strong>cum</strong></span> <span class='ocrx_word' id='word_1_109' title='bbox 2718 1881 2985 1962; x_wconf 84' lang='lat' dir='ltr'><strong>quodam</strong></span> 
     </span>
     <span class='ocr_line' id='line_1_15' title="bbox 772 1980 2982 2069; baseline 0 -26"><span class='ocrx_word' id='word_1_110' title='bbox 772 1983 956 2045; x_wconf 90' lang='lat' dir='ltr'><strong>docto</strong></span> <span class='ocrx_word' id='word_1_111' title='bbox 981 1980 1238 2044; x_wconf 86' lang='lat' dir='ltr'><strong>homine</strong></span> <span class='ocrx_word' id='word_1_112' title='bbox 1265 1995 1330 2045; x_wconf 88' lang='lat' dir='ltr'><strong>et</strong></span> <span class='ocrx_word' id='word_1_113' title='bbox 1357 1980 1585 2065; x_wconf 86' lang='lat' dir='ltr'><strong>perito,</strong></span> <span class='ocrx_word' id='word_1_114' title='bbox 1615 1983 1724 2069; x_wconf 29' lang='lat' dir='ltr'><strong>‘cui</strong></span> <span class='ocrx_word' id='word_1_115' title='bbox 1753 1982 1910 2047; x_wconf 87' lang='lat' dir='ltr'><strong>nihil</strong></span> <span class='ocrx_word' id='word_1_116' title='bbox 1939 2004 2108 2066; x_wconf 79' lang='lat' dir='ltr'><strong>oeque</strong></span> <span class='ocrx_word' id='word_1_117' title='bbox 2134 1982 2202 2046; x_wconf 89' lang='lat' dir='ltr'><strong>in</strong></span> <span class='ocrx_word' id='word_1_118' title='bbox 2231 1981 2437 2048; x_wconf 88' lang='lat' dir='ltr'><strong>causis</strong></span> <span class='ocrx_word' id='word_1_119' title='bbox 2465 1982 2716 2061; x_wconf 80' lang='lat' dir='ltr'><strong>agendis</strong></span> <span class='ocrx_word' id='word_1_120' title='bbox 2741 1993 2811 2042; x_wconf 90' lang='lat' dir='ltr'><strong>ut</strong></span> <span class='ocrx_word' id='word_1_121' title='bbox 2835 1980 2982 2043; x_wconf 87' lang='lat' dir='ltr'><strong>bre·</strong></span> 
     </span>
    </p>

    <p class='ocr_par' dir='ltr' id='par_1_3' title="bbox 640 2075 2982 2162">
     <span class='ocr_line' id='line_1_16' title="bbox 640 2075 2982 2162; baseline 0 -21"><span class='ocrx_word' id='word_1_122' title='bbox 640 2078 723 2149; x_wconf 89' lang='lat'><strong>16</strong></span> <span class='ocrx_word' id='word_1_123' title='bbox 773 2076 935 2141; x_wconf 83' lang='lat' dir='ltr'><strong>vitas</strong></span> <span class='ocrx_word' id='word_1_124' title='bbox 971 2079 1196 2161; x_wconf 85' lang='lat' dir='ltr'><strong>placet.</strong></span> <span class='ocrx_word' id='word_1_125' title='bbox 1248 2081 1452 2162; x_wconf 86' lang='lat' dir='ltr'><strong>Quam</strong></span> <span class='ocrx_word' id='word_1_126' title='bbox 1478 2100 1595 2161; x_wconf 78' lang='lat' dir='ltr'><strong>ego</strong></span> <span class='ocrx_word' id='word_1_127' title='bbox 1625 2080 2089 2146; x_wconf 76' lang='lat' dir='ltr'><strong>custodiendam</strong></span> <span class='ocrx_word' id='word_1_128' title='bbox 2133 2101 2275 2147; x_wconf 87' lang='lat' dir='ltr'><strong>esse</strong></span> <span class='ocrx_word' id='word_1_129' title='bbox 2321 2080 2644 2155; x_wconf 83' lang='lat' dir='ltr'><strong>confiteor,</strong></span> <span class='ocrx_word' id='word_1_130' title='bbox 2687 2075 2742 2140; x_wconf 87' lang='lat' dir='ltr'><strong>si</strong></span> <span class='ocrx_word' id='word_1_131' title='bbox 2784 2098 2982 2142; x_wconf 85' lang='lat' dir='ltr'><strong>causa</strong></span> 
     </span>
    </p>

    <p class='ocr_par' dir='ltr' id='par_1_4' title="bbox 776 2177 2987 2761">
     <span class='ocr_line' id='line_1_17' title="bbox 776 2177 2987 2264; baseline 0 -21"><span class='ocrx_word' id='word_1_132' title='bbox 776 2177 1123 2264; x_wconf 85' lang='lat' dir='ltr'><strong>permittat.</strong></span> <span class='ocrx_word' id='word_1_133' title='bbox 1158 2177 1279 2242; x_wconf 86' lang='lat' dir='ltr'><strong>Hic</strong></span> <span class='ocrx_word' id='word_1_134' title='bbox 1294 2178 1399 2243; x_wconf 86' lang='lat' dir='ltr'><strong>ille</strong></span> <span class='ocrx_word' id='word_1_135' title='bbox 1422 2202 1662 2246; x_wconf 88' lang='lat' dir='ltr'><strong>mecum</strong></span> <span class='ocrx_word' id='word_1_136' title='bbox 1681 2181 2160 2249; x_wconf 87' lang='lat' dir='ltr'><strong>auctoritatibus</strong></span> <span class='ocrx_word' id='word_1_137' title='bbox 2188 2179 2340 2262; x_wconf 81' lang='lat' dir='ltr'><strong>agit,</strong></span> <span class='ocrx_word' id='word_1_138' title='bbox 2367 2202 2443 2246; x_wconf 88' lang='lat' dir='ltr'><strong>ac</strong></span> <span class='ocrx_word' id='word_1_139' title='bbox 2465 2177 2623 2245; x_wconf 84' lang='lat' dir='ltr'><strong>mihi</strong></span> <span class='ocrx_word' id='word_1_140' title='bbox 2642 2201 2724 2244; x_wconf 82' lang='lat' dir='ltr'><strong>ex</strong></span> <span class='ocrx_word' id='word_1_141' title='bbox 2739 2177 2987 2245; x_wconf 80' lang='lat' dir='ltr'><strong>Groecis</strong></span> 
     </span>
     <span class='ocr_line' id='line_1_18' title="bbox 776 2276 2981 2361; baseline -0.001 -18"><span class='ocrx_word' id='word_1_142' title='bbox 776 2276 1092 2343; x_wconf 87' lang='lat' dir='ltr'><strong>orationes</strong></span> <span class='ocrx_word' id='word_1_143' title='bbox 1128 2279 1342 2357; x_wconf 80' lang='lat' dir='ltr'><strong>Lysiae</strong></span> <span class='ocrx_word' id='word_1_144' title='bbox 1390 2294 1691 2359; x_wconf 76' lang='lat' dir='ltr'><strong>ostentat,</strong></span> <span class='ocrx_word' id='word_1_145' title='bbox 1740 2303 1818 2347; x_wconf 81' lang='lat' dir='ltr'><strong>ex</strong></span> <span class='ocrx_word' id='word_1_146' title='bbox 1860 2280 2095 2347; x_wconf 88' lang='lat' dir='ltr'><strong>nostris</strong></span> <span class='ocrx_word' id='word_1_147' title='bbox 2127 2281 2548 2345; x_wconf 79' lang='lat' dir='ltr'><strong>Gracchorum</strong></span> <span class='ocrx_word' id='word_1_148' title='bbox 2590 2281 2981 2361; x_wconf 78' lang='lat' dir='ltr'><strong>Catonisque,</strong></span> 
     </span>
     <span class='ocr_line' id='line_1_19' title="bbox 778 2378 2987 2463; baseline 0.001 -24"><span class='ocrx_word' id='word_1_149' title='bbox 778 2398 1038 2461; x_wconf 89' lang='lat' dir='ltr'><strong>quorum</strong></span> <span class='ocrx_word' id='word_1_150' title='bbox 1082 2398 1233 2441; x_wconf 85' lang='lat' dir='ltr'><strong>sane</strong></span> <span class='ocrx_word' id='word_1_151' title='bbox 1274 2378 1556 2463; x_wconf 81' lang='lat' dir='ltr'><strong>plurimae</strong></span> <span class='ocrx_word' id='word_1_152' title='bbox 1593 2397 1744 2447; x_wconf 86' lang='lat' dir='ltr'><strong>sunt</strong></span> <span class='ocrx_word' id='word_1_153' title='bbox 1782 2387 2168 2445; x_wconf 67' lang='lat' dir='ltr'><strong>circumcisae</strong></span> <span class='ocrx_word' id='word_1_154' title='bbox 2210 2397 2277 2445; x_wconf 88' lang='lat' dir='ltr'><strong>et</strong></span> <span class='ocrx_word' id='word_1_155' title='bbox 2319 2382 2528 2445; x_wconf 74' lang='lat' dir='ltr'><strong>breves</strong></span> <span class='ocrx_word' id='word_1_156' title='bbox 2552 2405 2575 2440; x_wconf 84' lang='lat'><strong>.-</strong></span> <span class='ocrx_word' id='word_1_157' title='bbox 2619 2399 2738 2460; x_wconf 83' lang='lat' dir='ltr'><strong>ego</strong></span> <span class='ocrx_word' id='word_1_158' title='bbox 2774 2379 2987 2463; x_wconf 69' lang='lat' dir='ltr'><strong>Lysioe</strong></span> 
     </span>
     <span class='ocr_line' id='line_1_20' title="bbox 779 2477 2985 2564; baseline 0.002 -26"><span class='ocrx_word' id='word_1_159' title='bbox 779 2477 1255 2539; x_wconf 68' lang='lat' dir='ltr'><strong>Danosthonem</strong></span> <span class='ocrx_word' id='word_1_160' title='bbox 1274 2527 1296 2554; x_wconf 89' lang='lat'><strong>,</strong></span> <span class='ocrx_word' id='word_1_161' title='bbox 1347 2482 1716 2543; x_wconf 72' lang='lat' dir='ltr'><strong>AEschinem</strong></span> <span class='ocrx_word' id='word_1_162' title='bbox 1736 2527 1760 2553; x_wconf 93' lang='lat'><strong>,</strong></span> <span class='ocrx_word' id='word_1_163' title='bbox 1808 2485 1874 2545; x_wconf 91' lang='lat' dir='ltr'><em>H</em></span> <span class='ocrx_word' id='word_1_164' title='bbox 1858 2484 2199 2563; x_wconf 75' lang='lat' dir='ltr'><strong>ypcn‘dem</strong></span> <span class='ocrx_word' id='word_1_165' title='bbox 2246 2483 2591 2562; x_wconf 86' lang='lat' dir='ltr'><strong>multosque</strong></span> <span class='ocrx_word' id='word_1_166' title='bbox 2638 2493 2941 2564; x_wconf 77' lang='lat' dir='ltr'><strong>praeterea</strong></span> <span class='ocrx_word' id='word_1_167' title='bbox 2966 2499 2985 2552; x_wconf 83' lang='lat'>3</span> 
     </span>
     <span class='ocr_line' id='line_1_21' title="bbox 782 2574 2981 2660; baseline 0 -21"><span class='ocrx_word' id='word_1_168' title='bbox 782 2577 1082 2640; x_wconf 77' lang='lat' dir='ltr'><strong>Gracchis</strong></span> <span class='ocrx_word' id='word_1_169' title='bbox 1109 2591 1174 2643; x_wconf 88' lang='lat' dir='ltr'><strong>et</strong></span> <span class='ocrx_word' id='word_1_170' title='bbox 1207 2580 1425 2641; x_wconf 76' lang='lat' dir='ltr'><strong>Catoni</strong></span> <span class='ocrx_word' id='word_1_171' title='bbox 1441 2580 1812 2657; x_wconf 78' lang='lat' dir='ltr'><strong>Pollionem,</strong></span> <span class='ocrx_word' id='word_1_172' title='bbox 1852 2582 2191 2654; x_wconf 82' lang='lat' dir='ltr'><strong>Caesarem,</strong></span> <span class='ocrx_word' id='word_1_173' title='bbox 2232 2580 2519 2650; x_wconf 66' lang='lat' dir='ltr'><strong>Coelium,</strong></span> <span class='ocrx_word' id='word_1_174' title='bbox 2545 2579 2612 2640; x_wconf 89' lang='lat' dir='ltr'><strong>in</strong></span> <span class='ocrx_word' id='word_1_175' title='bbox 2636 2575 2860 2660; x_wconf 74' lang='lat' dir='ltr'><strong>primis</strong></span> <span class='ocrx_word' id='word_1_176' title='bbox 2878 2574 2981 2640; x_wconf 74' lang='grc' dir='ltr'><strong>Μ.</strong></span> 
     </span>
     <span class='ocr_line' id='line_1_22' title="bbox 790 2669 2914 2761; baseline 0 -27"><span class='ocrx_word' id='word_1_177' title='bbox 790 2674 1064 2735; x_wconf 81' lang='lat' dir='ltr'><strong>Tullium</strong></span> <span class='ocrx_word' id='word_1_178' title='bbox 1083 2695 1351 2759; x_wconf 90' lang='lat' dir='ltr'><strong>oppono,</strong></span> <span class='ocrx_word' id='word_1_179' title='bbox 1378 2676 1555 2760; x_wconf 80' lang='lat' dir='ltr'><strong>cujus</strong></span> <span class='ocrx_word' id='word_1_180' title='bbox 1578 2680 1783 2742; x_wconf 86' lang='lat' dir='ltr'><strong>oratio</strong></span> <span class='ocrx_word' id='word_1_181' title='bbox 1805 2676 2041 2761; x_wconf 83' lang='lat' dir='ltr'><strong>optima</strong></span> <span class='ocrx_word' id='word_1_182' title='bbox 2059 2677 2261 2740; x_wconf 83' lang='lat' dir='ltr'><strong>fertur</strong></span> <span class='ocrx_word' id='word_1_183' title='bbox 2282 2696 2441 2752; x_wconf 84' lang='lat' dir='ltr'><strong>esse,</strong></span> <span class='ocrx_word' id='word_1_184' title='bbox 2469 2694 2601 2757; x_wconf 68' lang='lat' dir='ltr'><strong>que</strong></span> <span class='ocrx_word' id='word_1_185' title='bbox 2619 2669 2914 2736; x_wconf 77' lang='lat' dir='ltr'><strong>maxima.</strong></span> 
     </span>
    </p>

    <p class='ocr_par' dir='ltr' id='par_1_5' title="bbox 779 2775 2992 3542">
     <span class='ocr_line' id='line_1_23' title="bbox 866 2775 2991 2857; baseline -0.003 -19"><span class='ocrx_word' id='word_1_186' title='bbox 866 2775 1124 2838; x_wconf 82' lang='lat' dir='ltr'><strong>Servius</strong></span> <span class='ocrx_word' id='word_1_187' title='bbox 1154 2779 1230 2839; x_wconf 87' lang='lat' dir='ltr'><strong>ad</strong></span> <span class='ocrx_word' id='word_1_188' title='bbox 1249 2776 1429 2857; x_wconf 78' lang='lat' dir='ltr'><strong>Virg.</strong></span> <span class='ocrx_word' id='word_1_189' title='bbox 1459 2779 1603 2840; x_wconf 81' lang='lat' dir='ltr'><strong>AEn.</strong></span> <span class='ocrx_word' id='word_1_190' title='bbox 1622 2780 1771 2853; x_wconf 87' lang='lat' dir='ltr'><strong>vll,</strong></span> <span class='ocrx_word' id='word_1_191' title='bbox 1798 2779 1957 2841; x_wconf 83' lang='lat'><strong>256:</strong></span> <span class='ocrx_word' id='word_1_192' title='bbox 1996 2802 2026 2834; x_wconf 77' lang='grc' dir='ltr'>ι</span> <span class='ocrx_word' id='word_1_193' title='bbox 2065 2780 2243 2842; x_wconf 83' lang='lat' dir='ltr'><strong>Facit</strong></span> <span class='ocrx_word' id='word_1_194' title='bbox 2271 2789 2418 2839; x_wconf 86' lang='lat' dir='ltr'><strong>ante</strong></span> <span class='ocrx_word' id='word_1_195' title='bbox 2444 2776 2702 2837; x_wconf 85' lang='lat' dir='ltr'><strong>deorum</strong></span> <span class='ocrx_word' id='word_1_196' title='bbox 2726 2790 2991 2834; x_wconf 73' lang='lat' dir='ltr'><strong>comme·</strong></span> 
     </span>
     <span class='ocr_line' id='line_1_24' title="bbox 781 2864 2988 2949; baseline 0.001 -14"><span class='ocrx_word' id='word_1_197' title='bbox 781 2876 1226 2948; x_wconf 85' lang='lat' dir='ltr'><strong>morationem,</strong></span> <span class='ocrx_word' id='word_1_198' title='bbox 1271 2872 1434 2937; x_wconf 86' lang='lat' dir='ltr'><strong>sicut</strong></span> <span class='ocrx_word' id='word_1_199' title='bbox 1470 2873 1662 2941; x_wconf 88' lang='lat' dir='ltr'><strong>etiam</strong></span> <span class='ocrx_word' id='word_1_200' title='bbox 1700 2872 1772 2938; x_wconf 90' lang='lat' dir='ltr'><strong>in</strong></span> <span class='ocrx_word' id='word_1_201' title='bbox 1812 2873 2101 2939; x_wconf 79' lang='lat' dir='ltr'><strong>omnibus</strong></span> <span class='ocrx_word' id='word_1_202' title='bbox 2126 2877 2380 2940; x_wconf 78' lang='lat' dir='ltr'><strong>Catonis</strong></span> <span class='ocrx_word' id='word_1_203' title='bbox 2413 2869 2806 2937; x_wconf 72' lang='lat' dir='ltr'><strong>orationib-s</strong></span> <span class='ocrx_word' id='word_1_204' title='bbox 2839 2864 2988 2949; x_wconf 72' lang='lat' dir='ltr'><strong>legi·</strong></span> 
     </span>
     <span class='ocr_line' id='line_1_25' title="bbox 781 2971 2984 3058; baseline -0.001 -24"><span class='ocrx_word' id='word_1_205' title='bbox 781 2992 941 3036; x_wconf 85' lang='lat' dir='ltr'><strong>mus.</strong></span> <span class='ocrx_word' id='word_1_206' title='bbox 973 3000 1004 3035; x_wconf 71' lang='lat' dir='ltr'>n</span> <span class='ocrx_word' id='word_1_207' title='bbox 1046 2977 1221 3037; x_wconf 83' lang='lat' dir='ltr'><strong>Idem</strong></span> <span class='ocrx_word' id='word_1_208' title='bbox 1259 2978 1336 3039; x_wconf 79' lang='lat' dir='ltr'><strong>ad</strong></span> <span class='ocrx_word' id='word_1_209' title='bbox 1375 2977 1519 3039; x_wconf 86' lang='lat' dir='ltr'><strong>AEn.</strong></span> <span class='ocrx_word' id='word_1_210' title='bbox 1555 2977 1674 3051; x_wconf 80' lang='lat' dir='ltr'><strong>xl,</strong></span> <span class='ocrx_word' id='word_1_211' title='bbox 1717 2975 1834 3039; x_wconf 81' lang='lat'><strong>301</strong></span> <span class='ocrx_word' id='word_1_212' title='bbox 1862 2999 1879 3038; x_wconf 75' lang='grc' dir='ltr'><em>ε</em></span> <span class='ocrx_word' id='word_1_213' title='bbox 1913 2976 2238 3058; x_wconf 78' lang='lat' dir='ltr'><strong>Proefatus</strong></span> <span class='ocrx_word' id='word_1_214' title='bbox 2264 2976 2434 3036; x_wconf 76' lang='lat' dir='ltr'><strong>divos</strong></span> <span class='ocrx_word' id='word_1_215' title='bbox 2454 2998 2477 3034; x_wconf 82' lang='lat'><strong>.-</strong></span> <span class='ocrx_word' id='word_1_216' title='bbox 2508 2974 2686 3036; x_wconf 79' lang='lat' dir='ltr'><strong>More</strong></span> <span class='ocrx_word' id='word_1_217' title='bbox 2710 2971 2984 3051; x_wconf 81' lang='lat' dir='ltr'><strong>antiquo.</strong></span> 
     </span>
     <span class='ocr_line' id='line_1_26' title="bbox 784 3066 2991 3159; baseline -0.002 -24"><span class='ocrx_word' id='word_1_218' title='bbox 784 3073 946 3136; x_wconf 82' lang='lat' dir='ltr'><strong>Nam</strong></span> <span class='ocrx_word' id='word_1_219' title='bbox 987 3076 1257 3159; x_wconf 82' lang='lat' dir='ltr'><strong>majores</strong></span> <span class='ocrx_word' id='word_1_220' title='bbox 1296 3076 1531 3138; x_wconf 90' lang='lat' dir='ltr'><strong>nullam</strong></span> <span class='ocrx_word' id='word_1_221' title='bbox 1558 3073 1931 3146; x_wconf 89' lang='lat' dir='ltr'><strong>orationem,</strong></span> <span class='ocrx_word' id='word_1_222' title='bbox 1979 3072 2106 3138; x_wconf 88' lang='lat' dir='ltr'><strong>nisi</strong></span> <span class='ocrx_word' id='word_1_223' title='bbox 2133 3073 2441 3140; x_wconf 77' lang='lat' dir='ltr'><strong>invocatis</strong></span> <span class='ocrx_word' id='word_1_224' title='bbox 2470 3069 2854 3143; x_wconf 78' lang='lat' dir='ltr'><strong>numinibus,</strong></span> <span class='ocrx_word' id='word_1_225' title='bbox 2898 3066 2991 3130; x_wconf 89' lang='lat' dir='ltr'><strong>in·</strong></span> 
     </span>
     <span class='ocr_line' id='line_1_27' title="bbox 781 3167 2991 3237; baseline -0.002 -5"><span class='ocrx_word' id='word_1_226' title='bbox 781 3171 1136 3236; x_wconf 82' lang='lat' dir='ltr'><strong>choabant=</strong></span> <span class='ocrx_word' id='word_1_227' title='bbox 1171 3171 1335 3237; x_wconf 87' lang='lat' dir='ltr'><strong>sicut</strong></span> <span class='ocrx_word' id='word_1_228' title='bbox 1359 3187 1504 3236; x_wconf 88' lang='lat' dir='ltr'><strong>sunt</strong></span> <span class='ocrx_word' id='word_1_229' title='bbox 1531 3193 1752 3235; x_wconf 86' lang='lat' dir='ltr'><strong>omnes</strong></span> <span class='ocrx_word' id='word_1_230' title='bbox 1778 3169 2100 3237; x_wconf 86' lang='lat' dir='ltr'><strong>orationes</strong></span> <span class='ocrx_word' id='word_1_231' title='bbox 2133 3173 2383 3234; x_wconf 69' lang='lat' dir='ltr'><strong>Catonis</strong></span> <span class='ocrx_word' id='word_1_232' title='bbox 2420 3182 2487 3232; x_wconf 84' lang='lat' dir='ltr'><strong>et</strong></span> <span class='ocrx_word' id='word_1_233' title='bbox 2512 3167 2797 3233; x_wconf 67' lang='lat' dir='ltr'><strong>Gracchi.</strong></span> <span class='ocrx_word' id='word_1_234' title='bbox 2830 3168 2991 3229; x_wconf 83' lang='lat' dir='ltr'><strong>Nam</strong></span> 
     </span>
     <span class='ocr_line' id='line_1_28' title="bbox 779 3261 2987 3352; baseline -0.001 -22"><span class='ocrx_word' id='word_1_235' title='bbox 779 3270 1077 3345; x_wconf 77' lang='lat' dir='ltr'><strong>generale</strong></span> <span class='ocrx_word' id='word_1_236' title='bbox 1106 3282 1291 3352; x_wconf 88' lang='lat' dir='ltr'><strong>caput</strong></span> <span class='ocrx_word' id='word_1_237' title='bbox 1318 3268 1386 3331; x_wconf 90' lang='lat' dir='ltr'><strong>in</strong></span> <span class='ocrx_word' id='word_1_238' title='bbox 1418 3267 1705 3333; x_wconf 87' lang='lat' dir='ltr'><strong>omnibus</strong></span> <span class='ocrx_word' id='word_1_239' title='bbox 1733 3266 2015 3349; x_wconf 78' lang='lat' dir='ltr'><strong>legimus.</strong></span> <span class='ocrx_word' id='word_1_240' title='bbox 2049 3271 2233 3337; x_wconf 89' lang='lat' dir='ltr'><strong>Unde</strong></span> <span class='ocrx_word' id='word_1_241' title='bbox 2253 3265 2479 3333; x_wconf 90' lang='lat' dir='ltr'><strong>Cicero</strong></span> <span class='ocrx_word' id='word_1_242' title='bbox 2510 3262 2762 3348; x_wconf 81' lang='lat' dir='ltr'><strong>(Divin.</strong></span> <span class='ocrx_word' id='word_1_243' title='bbox 2794 3282 2854 3327; x_wconf 85' lang='lat' dir='ltr'><strong>c·</strong></span> <span class='ocrx_word' id='word_1_244' title='bbox 2883 3261 2987 3348; x_wconf 78' lang='grc'><strong>13)</strong></span> 
     </span>
     <span class='ocr_line' id='line_1_29' title="bbox 784 3362 2992 3451; baseline -0.002 -26"><span class='ocrx_word' id='word_1_245' title='bbox 784 3383 900 3446; x_wconf 88' lang='lat' dir='ltr'><strong>per</strong></span> <span class='ocrx_word' id='word_1_246' title='bbox 929 3362 1286 3428; x_wconf 86' lang='lat' dir='ltr'><strong>irrisionem</strong></span> <span class='ocrx_word' id='word_1_247' title='bbox 1309 3363 1434 3426; x_wconf 81' lang='lat' dir='ltr'><strong>ait:</strong></span> <span class='ocrx_word' id='word_1_248' title='bbox 1461 3368 1534 3426; x_wconf 86' lang='lat' dir='ltr'><strong>Si</strong></span> <span class='ocrx_word' id='word_1_249' title='bbox 1557 3367 1708 3449; x_wconf 84' lang='lat' dir='ltr'><strong>quid</strong></span> <span class='ocrx_word' id='word_1_250' title='bbox 1730 3386 1816 3425; x_wconf 78' lang='lat' dir='ltr'><strong>ex</strong></span> <span class='ocrx_word' id='word_1_251' title='bbox 1845 3380 2056 3426; x_wconf 79' lang='lat' dir='ltr'><strong>vetere</strong></span> <span class='ocrx_word' id='word_1_252' title='bbox 2083 3367 2292 3451; x_wconf 83' lang='lat' dir='ltr'><strong>aliqua</strong></span> <span class='ocrx_word' id='word_1_253' title='bbox 2318 3369 2613 3434; x_wconf 72' lang='lat' dir='ltr'><strong>oratione,</strong></span> <span class='ocrx_word' id='word_1_254' title='bbox 2632 3363 2853 3425; x_wconf 73' lang='lat' dir='ltr'><strong>Jovem</strong></span> <span class='ocrx_word' id='word_1_255' title='bbox 2875 3379 2992 3440; x_wconf 78' lang='lat' dir='ltr'><strong>ego</strong></span> 
     </span>
     <span class='ocr_line' id='line_1_30' title="bbox 783 3467 1474 3542; baseline -0.003 -17"><span class='ocrx_word' id='word_1_256' title='bbox 783 3467 1078 3542; x_wconf 77' lang='lat' dir='ltr'><strong>optimum</strong></span> <span class='ocrx_word' id='word_1_257' title='bbox 1107 3468 1474 3524; x_wconf 77' lang='lat' dir='ltr'><strong>maximum.</strong></span> 
     </span>
    </p>

    <p class='ocr_par' dir='ltr' id='par_1_6' title="bbox 785 3555 2989 3743">
     <span class='ocr_line' id='line_1_31' title="bbox 871 3555 2989 3645; baseline -0.002 -20"><span class='ocrx_word' id='word_1_258' title='bbox 871 3563 1010 3627; x_wconf 84' lang='lat' dir='ltr'><strong>Huc</strong></span> <span class='ocrx_word' id='word_1_259' title='bbox 1031 3559 1311 3645; x_wconf 84' lang='lat' dir='ltr'><strong>pertinet</strong></span> <span class='ocrx_word' id='word_1_260' title='bbox 1330 3563 1418 3634; x_wconf 86' lang='lat' dir='ltr'><strong>id,</strong></span> <span class='ocrx_word' id='word_1_261' title='bbox 1442 3562 1603 3642; x_wconf 87' lang='lat' dir='ltr'><strong>quod</strong></span> <span class='ocrx_word' id='word_1_262' title='bbox 1623 3563 1911 3625; x_wconf 88' lang='lat' dir='ltr'><strong>Valerius</strong></span> <span class='ocrx_word' id='word_1_263' title='bbox 1932 3582 2173 3645; x_wconf 87' lang='lat' dir='ltr'><strong>quoque</strong></span> <span class='ocrx_word' id='word_1_264' title='bbox 2193 3563 2361 3625; x_wconf 82' lang='lat' dir='ltr'><strong>Max.</strong></span> <span class='ocrx_word' id='word_1_265' title='bbox 2381 3562 2451 3625; x_wconf 89' lang='lat' dir='ltr'><strong>iu</strong></span> <span class='ocrx_word' id='word_1_266' title='bbox 2472 3557 2742 3638; x_wconf 73' lang='lat' dir='ltr'><strong>Prologo</strong></span> <span class='ocrx_word' id='word_1_267' title='bbox 2760 3555 2989 3621; x_wconf 76' lang='lat' dir='ltr'><strong>refert:</strong></span> 
     </span>
     <span class='ocr_line' id='line_1_32' title="bbox 785 3661 2700 3743; baseline -0.001 -23"><span class='ocrx_word' id='word_1_268' title='bbox 785 3661 1004 3723; x_wconf 81' lang='lat' dir='ltr'><strong>Prisci</strong></span> <span class='ocrx_word' id='word_1_269' title='bbox 1025 3679 1301 3725; x_wconf 79' lang='lat' dir='ltr'><strong>oratores</strong></span> <span class='ocrx_word' id='word_1_270' title='bbox 1325 3664 1409 3723; x_wconf 84' lang='lat' dir='ltr'><strong>ab</strong></span> <span class='ocrx_word' id='word_1_271' title='bbox 1431 3664 1586 3725; x_wconf 75' lang='lat' dir='ltr'><strong>Jove</strong></span> <span class='ocrx_word' id='word_1_272' title='bbox 1614 3665 1863 3743; x_wconf 78' lang='lat' dir='ltr'><strong>Optimo</strong></span> <span class='ocrx_word' id='word_1_273' title='bbox 1890 3667 2184 3729; x_wconf 75' lang='lat' dir='ltr'><strong>Maximo</strong></span> <span class='ocrx_word' id='word_1_274' title='bbox 2215 3663 2366 3726; x_wconf 75' lang='lat' dir='ltr'><strong>bene</strong></span> <span class='ocrx_word' id='word_1_275' title='bbox 2391 3667 2519 3725; x_wconf 77' lang='lat' dir='ltr'><strong>orsi</strong></span> <span class='ocrx_word' id='word_1_276' title='bbox 2542 3674 2700 3723; x_wconf 65' lang='lat' dir='ltr'><strong>nau.</strong></span> 
     </span>
    </p>

    <p class='ocr_par' dir='ltr' id='par_1_7' title="bbox 785 3756 2999 4339">
     <span class='ocr_line' id='line_1_33' title="bbox 875 3756 2998 3849; baseline -0.001 -26"><span class='ocrx_word' id='word_1_277' title='bbox 875 3764 1146 3827; x_wconf 86' lang='lat' dir='ltr'><strong>Velleius</strong></span> <span class='ocrx_word' id='word_1_278' title='bbox 1168 3768 1223 3839; x_wconf 91' lang='lat'><strong>1,</strong></span> <span class='ocrx_word' id='word_1_279' title='bbox 1255 3767 1329 3826; x_wconf 84' lang='lat'><strong>17</strong></span> <span class='ocrx_word' id='word_1_280' title='bbox 1354 3787 1370 3825; x_wconf 75' lang='grc' dir='ltr'><strong><em>ε</em></strong></span> <span class='ocrx_word' id='word_1_281' title='bbox 1398 3764 1616 3830; x_wconf 85' lang='lat' dir='ltr'><strong>Oratio</strong></span> <span class='ocrx_word' id='word_1_282' title='bbox 1638 3787 1712 3829; x_wconf 90' lang='lat' dir='ltr'><strong>ac</strong></span> <span class='ocrx_word' id='word_1_283' title='bbox 1734 3766 1833 3828; x_wconf 74' lang='lat' dir='ltr'><strong>vis</strong></span> <span class='ocrx_word' id='word_1_284' title='bbox 1854 3766 2123 3829; x_wconf 80' lang='lat' dir='ltr'><strong>sorensis</strong></span> <span class='ocrx_word' id='word_1_285' title='bbox 2148 3764 2618 3849; x_wconf 76' lang='lat' dir='ltr'><strong>perfectumque</strong></span> <span class='ocrx_word' id='word_1_286' title='bbox 2645 3777 2849 3844; x_wconf 70' lang='lat' dir='ltr'><strong>prosus</strong></span> <span class='ocrx_word' id='word_1_287' title='bbox 2874 3756 2998 3826; x_wconf 70' lang='lat' dir='ltr'><strong>elo-</strong></span> 
     </span>
     <span class='ocr_line' id='line_1_34' title="bbox 785 3856 2996 3945; baseline -0.003 -24"><span class='ocrx_word' id='word_1_288' title='bbox 785 3858 1056 3942; x_wconf 67' lang='lat' dir='ltr'><strong>quentiae</strong></span> <span class='ocrx_word' id='word_1_289' title='bbox 1082 3866 1300 3939; x_wconf 86' lang='lat' dir='ltr'><strong>decus,</strong></span> <span class='ocrx_word' id='word_1_290' title='bbox 1346 3875 1418 3925; x_wconf 90' lang='lat' dir='ltr'><strong>ut</strong></span> <span class='ocrx_word' id='word_1_291' title='bbox 1445 3860 1611 3925; x_wconf 89' lang='lat' dir='ltr'><strong>idem</strong></span> <span class='ocrx_word' id='word_1_292' title='bbox 1637 3875 1963 3945; x_wconf 85' lang='lat' dir='ltr'><strong>separetur</strong></span> <span class='ocrx_word' id='word_1_293' title='bbox 1991 3863 2141 3923; x_wconf 78' lang='lat' dir='ltr'><strong>Cato</strong></span> <span class='ocrx_word' id='word_1_294' title='bbox 2180 3859 2374 3945; x_wconf 88' lang='lat' dir='ltr'><strong>(pace</strong></span> <span class='ocrx_word' id='word_1_295' title='bbox 2410 3862 2488 3922; x_wconf 89' lang='lat' dir='ltr'><strong>P.</strong></span> <span class='ocrx_word' id='word_1_296' title='bbox 2524 3860 2732 3920; x_wconf 77' lang='lat' dir='ltr'><strong>Crassi</strong></span> <span class='ocrx_word' id='word_1_297' title='bbox 2766 3856 2996 3934; x_wconf 69' lang='lat' dir='ltr'><strong>Scipio-</strong></span> 
     </span>
     <span class='ocr_line' id='line_1_35' title="bbox 788 3951 2991 4042; baseline -0.001 -23"><span class='ocrx_word' id='word_1_298' title='bbox 788 3964 1010 4042; x_wconf 80' lang='lat' dir='ltr'><strong>nisque</strong></span> <span class='ocrx_word' id='word_1_299' title='bbox 1031 3976 1098 4024; x_wconf 86' lang='lat' dir='ltr'><strong>et</strong></span> <span class='ocrx_word' id='word_1_300' title='bbox 1116 3963 1302 4024; x_wconf 71' lang='lat' dir='ltr'><strong>Laelii</strong></span> <span class='ocrx_word' id='word_1_301' title='bbox 1319 3978 1387 4027; x_wconf 91' lang='lat' dir='ltr'><strong>et</strong></span> <span class='ocrx_word' id='word_1_302' title='bbox 1412 3961 1836 4025; x_wconf 80' lang='lat' dir='ltr'><strong>Gracchorum</strong></span> <span class='ocrx_word' id='word_1_303' title='bbox 1855 3976 1921 4025; x_wconf 87' lang='lat' dir='ltr'><strong>et</strong></span> <span class='ocrx_word' id='word_1_304' title='bbox 1939 3963 2170 4021; x_wconf 83' lang='lat' dir='ltr'><strong>Fannii</strong></span> <span class='ocrx_word' id='word_1_305' title='bbox 2186 3974 2252 4023; x_wconf 92' lang='lat' dir='ltr'><strong>et</strong></span> <span class='ocrx_word' id='word_1_306' title='bbox 2271 3962 2418 4022; x_wconf 81' lang='lat' dir='ltr'><strong>Ser.</strong></span> <span class='ocrx_word' id='word_1_307' title='bbox 2442 3960 2663 4023; x_wconf 76' lang='lat' dir='ltr'><strong>Galboe</strong></span> <span class='ocrx_word' id='word_1_308' title='bbox 2679 3951 2991 4032; x_wconf 78' lang='lat' dir='ltr'><strong>dixerim),</strong></span> 
     </span>
     <span class='ocr_line' id='line_1_36' title="bbox 792 4043 2999 4141; baseline -0.004 -20"><span class='ocrx_word' id='word_1_309' title='bbox 792 4057 881 4123; x_wconf 89' lang='lat' dir='ltr'><strong>ita</strong></span> <span class='ocrx_word' id='word_1_310' title='bbox 907 4060 1199 4123; x_wconf 79' lang='lat' dir='ltr'><strong>universe</strong></span> <span class='ocrx_word' id='word_1_311' title='bbox 1235 4060 1347 4122; x_wconf 85' lang='lat' dir='ltr'><strong>sub</strong></span> <span class='ocrx_word' id='word_1_312' title='bbox 1376 4056 1661 4141; x_wconf 83' lang='lat' dir='ltr'><strong>principe</strong></span> <span class='ocrx_word' id='word_1_313' title='bbox 1700 4058 1911 4141; x_wconf 85' lang='lat' dir='ltr'><strong>operis</strong></span> <span class='ocrx_word' id='word_1_314' title='bbox 1953 4054 2051 4121; x_wconf 88' lang='lat' dir='ltr'><strong>sui</strong></span> <span class='ocrx_word' id='word_1_315' title='bbox 2094 4053 2306 4139; x_wconf 87' lang='lat' dir='ltr'><strong>erupit</strong></span> <span class='ocrx_word' id='word_1_316' title='bbox 2333 4057 2565 4125; x_wconf 82' lang='lat' dir='ltr'><strong>Tullio,</strong></span> <span class='ocrx_word' id='word_1_317' title='bbox 2596 4065 2668 4117; x_wconf 87' lang='lat' dir='ltr'><strong>ut</strong></span> <span class='ocrx_word' id='word_1_318' title='bbox 2694 4043 2999 4115; x_wconf 74' lang='lat' dir='ltr'><strong>delectari</strong></span> 
     </span>
     <span class='ocr_line' id='line_1_37' title="bbox 795 4146 2999 4242; baseline -0.002 -22"><span class='ocrx_word' id='word_1_319' title='bbox 795 4171 939 4220; x_wconf 86' lang='lat' dir='ltr'><strong>ante</strong></span> <span class='ocrx_word' id='word_1_320' title='bbox 965 4181 1106 4223; x_wconf 88' lang='lat' dir='ltr'><strong>eum</strong></span> <span class='ocrx_word' id='word_1_321' title='bbox 1133 4157 1546 4242; x_wconf 84' lang='lat' dir='ltr'><strong>paucissimis,</strong></span> <span class='ocrx_word' id='word_1_322' title='bbox 1583 4156 1809 4221; x_wconf 90' lang='lat' dir='ltr'><strong>mirari</strong></span> <span class='ocrx_word' id='word_1_323' title='bbox 1840 4178 1996 4223; x_wconf 76' lang='lat' dir='ltr'><strong>vero</strong></span> <span class='ocrx_word' id='word_1_324' title='bbox 2027 4159 2344 4221; x_wconf 88' lang='lat' dir='ltr'><strong>neminem</strong></span> <span class='ocrx_word' id='word_1_325' title='bbox 2377 4159 2598 4239; x_wconf 77' lang='lat' dir='ltr'><strong>possis,</strong></span> <span class='ocrx_word' id='word_1_326' title='bbox 2633 4149 2759 4216; x_wconf 75' lang='lat' dir='ltr'><strong>nisi</strong></span> <span class='ocrx_word' id='word_1_327' title='bbox 2782 4162 2891 4213; x_wconf 81' lang='lat' dir='ltr'><strong>aut</strong></span> <span class='ocrx_word' id='word_1_328' title='bbox 2914 4146 2999 4208; x_wconf 72' lang='lat' dir='ltr'><strong>ab</strong></span> 
     </span>
     <span class='ocr_line' id='line_1_38' title="bbox 789 4254 1881 4339; baseline -0.001 -22"><span class='ocrx_word' id='word_1_329' title='bbox 789 4254 904 4318; x_wconf 86' lang='lat' dir='ltr'><strong>illo</strong></span> <span class='ocrx_word' id='word_1_330' title='bbox 925 4256 1149 4332; x_wconf 77' lang='lat' dir='ltr'><strong>visum,</strong></span> <span class='ocrx_word' id='word_1_331' title='bbox 1176 4271 1284 4322; x_wconf 88' lang='lat' dir='ltr'><strong>aut</strong></span> <span class='ocrx_word' id='word_1_332' title='bbox 1303 4258 1410 4339; x_wconf 81' lang='lat' dir='ltr'><strong>qui</strong></span> <span class='ocrx_word' id='word_1_333' title='bbox 1433 4259 1605 4323; x_wconf 86' lang='lat' dir='ltr'><strong>illum</strong></span> <span class='ocrx_word' id='word_1_334' title='bbox 1627 4256 1881 4320; x_wconf 76' lang='lat' dir='ltr'><strong>viderit.</strong></span> 
     </span>
    </p>
   </div>
  </div>
 </body>
</html>
