3367 5417
1841 385 1980 455 274

813 526 897 599 ll,
933 527 1033 586 9·
1085 527 1172 585 1
1181 542 1356 606 psum
1387 541 1540 584 velo
1571 525 1840 587 edulium
1888 542 2120 604 genera
2165 545 2347 607 quam
2368 526 2546 589 dictu
2579 524 2832 606 turpia?
2864 527 3015 588 Nam

815 626 1055 684 Cincius
1080 646 1142 681 ιη
1165 643 1450 688 musione
1463 625 1633 704 legis
1649 624 1918 685 Fannia»
1944 623 2163 708 objicit
2178 627 2401 689 saeeulo
2425 646 2559 702 suo,
2570 627 3017 713 -quodporcum

817 721 1158 807 Trojcmum
1198 728 1431 786 mansis
1465 725 1791 805 mser-am.-
1823 743 2015 808 quem
2057 727 2149 790 illi
2184 728 2324 791 ideo
2362 729 2458 791 sic
2484 727 2795 792 *vocabant
2838 728 3014 808 quasi

808 818 949 886 aliis
971 821 1227 882 inclusis
1256 819 1629 882 animalibus
1652 820 2002 902 gravidum,
2038 836 2108 885 ut
2123 825 2231 888 ille
2266 825 2575 908 Trojanus
2592 845 2783 907 equm
2806 828 3014 906 gravi·

816 920 931 980 dus
953 914 1211 990 armatis
1245 917 1380 979 suit.
1411 943 1439 973 n
1480 917 1722 980 Cincius
1735 917 1980 984 librarii
1999 921 2173 1003 lap&
2193 922 2492 1005 scriptum
2508 941 2625 1005 pro
2650 923 2724 983 C.
2759 920 3005 1013 Titius]

892 1073 1217 1158 Quomodo
1264 1072 1734 1154 distinguendus
1775 1072 1858 1134 sit
1893 1069 1997 1135 hic
2025 1071 2224 1162 Titi-us
2252 1073 2333 1136 ab
2361 1074 2499 1137 aliis
2522 1067 2795 1156 ejusdem
2824 1077 3013 1139 nomi·

804 1172 928 1245 nis,
966 1174 1028 1234 iu
1061 1173 1524 1235 Dissertatione
1561 1171 1638 1233 de
1669 1168 1845 1253 'Titio
1872 1166 2172 1252 Septimio
2201 1187 2381 1255 poeta
2408 1173 2618 1237 docuit
2661 1171 3011 1236 Weichert.

615 1255 752 1332 11¹>ss
801 1272 1005 1354 Reliq.
1054 1294 1118 1354 p.
1167 1265 1823 1353 372.¹Tragoediarum
1860 1269 2007 1333 Titii
2050 1272 2397 1352 fragmenta
2441 1284 2772 1357 supersunt
2820 1275 3012 1336 nulla.

798 1369 1057 1452 Quaerat
1097 1370 1359 1432 forsitan
1393 1369 1645 1452 aliquis,
1682 1369 1846 1430 unde
1884 1367 2174 1431 habuerit
2212 1363 2567 1431 Macrobius
2610 1367 2761 1432 Titii
2790 1372 3014 1434 oratio·

800 1492 971 1542 nem,
1003 1470 1109 1554 qui
1141 1470 1415 1552 antiquis
1437 1469 1569 1552 jam
1595 1469 1951 1533 oratoribus
1979 1470 2476 1533 adnumerandus
2502 1483 2634 1548 est3
2674 1475 2874 1554 'atque
2917 1493 3011 1534 su·

806 1565 1037 1652 spicor,
1083 1581 1306 1630 vetera
1353 1566 1722 1650 eloquentioe
1767 1580 2164 1630 monumenta
2205 1568 2397 1630 etiam
2439 1582 2567 1630 tum
2601 1567 2914 1634 exstitisse
2945 1571 3011 1632 in

804 1667 1033 1734 Licinii
1063 1666 1338 1733 Muciani
1368 1689 1580 1753 opere,
1632 1670 1737 1752 qui
1764 1691 1895 1738 aevo
1932 1669 2295 1755 Vespasiani
2340 1683 2658 1733 oratorum
2709 1673 3012 1734 Romano·

805 1787 945 1830 rum
972 1780 1291 1830 orationes
1318 1764 1385 1829 in
1415 1783 1608 1828 unum
1637 1788 1861 1850 corpus
1895 1768 2247 1848 redegerat.

1081 1930 1411 2001 vanl.
1470 1932 1550 2001 T.
1607 1932 1938 2002 Betucius
1992 1933 2254 2002 Barrus
2307 1929 2730 2003 Asculanos.

880 2111 1023 2176 Cic.
1054 2111 1228 2171 Brut.
1263 2129 1322 2171 c.
1357 2108 1465 2182 46,
1516 2111 1633 2172 169
1670 2129 1687 2169 =
1741 2107 2034 2172 Omnium
2072 2107 2613 2189 eloquentissimus
2642 2123 2827 2172 extra
2854 2111 3016 2175 hanc

802 2212 1025 2273 urbem
1053 2213 1127 2272 Τ.
1158 2209 1452 2271 Betucius
1467 2212 1666 2288 Barra
1692 2210 2061 2282 Asculanos,
2094 2216 2267 2294 cujus
2286 2223 2435 2273 suut
2453 2210 2683 2295 aliquot
2706 2216 3013 2273 orationes

804 2310 1032 2376 Asculi.
1054 2308 1299 2383 habiae,
1353 2308 1458 2367 illa
1497 2310 1714 2370 Romoe
1746 2324 1959 2369 contra
2006 2308 2388 2388 Coepionem,
2414 2308 2662 2369 -nobt'lc's
2692 2331 2863 2385 sane,
2914 2318 3016 2375 cm·
3090 2321 3098 2332 ‘

800 2415 1066 2473 orationi
1097 2411 1405 2490 Cet-pionis
1434 2429 1545 2470 ore
1581 2412 1886 2490 respondit
1913 2409 2142 2471 AElius.

878 2549 1196 2625 Coept’onem]
1240 2552 1310 2618 Q.
1335 2547 1593 2601 Servilius
1619 2547 1819 2619 Caepio,
1849 2547 1993 2618 quod
2016 2565 2080 2600 cx
2106 2567 2221 2619 rap.
2251 2548 2341 2611 56,
2371 2547 2495 2610 206,
2524 2562 2688 2620 patet.

872 2675 1094 2745 AEle’us]
1134 2677 1196 2727 L.
1229 2675 1400 2728 AElius
1425 2672 1766 2726 Praeconinus
1793 2671 1950 2737 Stilo,
1979 2672 2043 2725 dc
2014 2691 2140 2744 equ
2146 2693 2221 2726 οι
2202 2672 2337 2726 iufra
2351 2673 2617 2734 dicemus.

1293 2853 1553 2923 XLIX.
1611 2853 1696 2922 L.
1752 2852 2066 2922 Marcius
2118 2849 2504 2949 Philippus.

1307 2983 1318 2994 ·
1446 2947 1835 3047 -.[Ellendt
1894 2974 1966 3046 p.
2026 2949 2150 3019 54-
2122 2947 2319 3047 -56.]

883 3139 943 3201 Is
970 3137 1047 3200 ab
1075 3115 1336 3198 'Horatio
1380 3132 1611 3195 dicitur
1637 3127 1858 3213 (Epist.
1894 3131 1947 3204 1,
1983 3130 2045 3206 7,
2080 3130 2190 3220 46)
2222 3131 2515 3192 Strenuus
2553 3145 2614 3191 ez
2625 3134 2829 3213 for-ets
2870 3154 3010 3192 cau·

801 3241 1003 3320 sisque
1014 3231 1342 3310 Philippus
1364 3231 1615 3307 agendis
1648 3227 1886 3290 Clarus.

880 3333 1018 3397 Cic.
1052 3332 1230 3393 Brut.
1267 3327 1325 3387 c'.
1375 3325 1480 3398 47,
1545 3324 1661 3387 173
1697 3345 1713 3384 ε
1746 3324 2002 3388 Duobus
2046 3325 2320 3400 summis,
2354 3323 2580 3387 Crasso
2612 3335 2677 3387 et
2705 3329 3004 3403 Antonio,

795 3434 867 3495 1..
902 3427 1223 3509 Philippus
1250 3421 1568 3506 proximus
1610 3421 1991 3499 accedebat,
2049 3425 2155 3486 sed
2203 3424 2388 3514 longo
2433 3422 2768 3485 intervallo
2798 3436 3008 3487 tamen

793 3527 1214 3612 proximam.
1248 3523 1450 3584 Erant
1477 3540 1552 3582 ea
1582 3519 1648 3579 in
1680 3515 1971 3603 Philippo
1993 3568 2010 3598 ‚
2066 3540 2203 3602 quoe
2230 3521 2336 3602 qui
2376 3517 2517 3582 sine
2544 3523 3006 3602 comparatione

790 3624 1042 3687 illorum
1066 3629 1405 3702 spectaret,
1458 3617 1611 3680 satis
1639 3635 1864 3695 magna
1892 3614 2135 3682 diceret
2162 3642 2182 3683 τ
2215 3637 2452 3680 summa
2486 3616 2746 3680 libertas
2769 3618 2840 3686 in
2869 3639 3003 3680 ora-

790 3718 985 3795 tione,
1030 3718 1238 3779 multae
1255 3714 1530 3776 facetiae:
1563 3713 1715 3777 satis
1748 3713 1976 3776 creber
2005 3717 2070 3777 in
2099 3712 2509 3800 reperiendis,
2539 3716 2776 3777 solutus
2800 3712 2873 3776 in
2902 3736 3000 3776 cx-

788 3821 1094 3906 plicandis
1120 3816 1447 3880 sententiis
1471 3837 1490 3875 ε
1537 3829 1678 3877 erat
1715 3816 1904 3877 etiam
1936 3812 2002 3877 in
2033 3818 2275 3898 primis,
2321 3831 2390 3878 ut
2435 3817 2825 3899 temporibus
2852 3816 2993 3891 illis,

787 3923 1032 3988 Groecis
1064 3914 1367 3981 doctrinis
1393 3916 1735 3988 institutus,
1789 3916 1853 3977 in
1900 3916 2261 3981 altercando
2291 3937 2429 3980 cum
2459 3914 2910 4000 aliquo·aculeo
2935 3933 2999 3981 et

787 4020 1117 4082 maledicto
1146 4015 1399 4078 facetus.

872 4115 1007 4179 Cic.
1041 4115 1136 4175 De
1165 4111 1329 4174 offic.
1362 4112 1441 4186 11,
1482 4112 1558 4173 21
1595 4133 1611 4173 t
1645 4110 2005 4175 Perniciose
2034 4110 2355 4195 Philippus
2386 4117 2448 4171 in
2487 4112 2818 4184 tribunatu,
2846 4133 2990 4170 cum

787 4213 991 4292 Iegem
1017 4208 1658 4289 agrariamjbrree....
1688 4227 1829 4270 cum
1859 4208 1924 4272 in
1948 4209 2185 4290 agendo
2207 4211 2399 4299 multa
2429 4207 2832 4293 populariter,
2864 4220 3025 4268 tum—
