3367 5417
1896 445 1982 516 58

840 584 1072 646 [istium
1092 631 1109 657 ,
1168 584 1256 644 ita
1304 586 1376 644 P.
1424 582 1770 666 Sulpicium
1825 579 2422 643 vehementissimum
2469 576 2731 653 habuit3
2785 597 3052 658 quoru-

839 685 1163 748 discordiae
1196 686 1464 748 Asconio
1506 687 1585 748 ad
1612 685 1993 747 Seanranam
2034 679 2170 742 Cic.
2217 676 2321 760 (p.
2363 678 2441 740 24
2485 679 2584 738 ed.
2621 678 2852 763 Orell.)
2899 679 3052 741 116111

840 786 1043 849 civilis
1071 806 1268 849 causoe
1291 787 1478 849 fuisse
1505 787 1825 849 dicuntur.
1855 780 2106 865 Quippe
2136 780 2297 860 quod
2331 778 2560 842 furiosa
2580 779 2842 860 Sulpicii
2871 802 3059 842 mens

836 885 934 946 his
956 873 1469 947 altercationibus
1492 886 1569 946 ad
1594 896 1785 946 totam
1812 878 2206 943 nobilitatem
2225 876 2628 940 evertendam
2647 895 2917 939 accensa
2931 889 3059 939 est.

846 983 995 1043 Mox
1022 1000 1190 1043 anno
1214 984 1336 1044 666
1370 980 1673 1042 seditioxoe
1708 978 2000 1041 Cinnana
2036 975 2293 1037 reducto
2323 970 2545 1048 Mario,
2578 973 2651 1036 C.
2679 972 2888 1036 ωσι·
2913 993 3064 1036 cm

844 1081 913 1140 L.
948 1079 1182 1150 fratre,
1215 1078 1321 1159 qui
1359 1075 1636 1140 triennio
1679 1088 1828 1140 ante
1869 1073 2084 1138 consul
2123 1072 2364 1143 suerat,
2413 1070 2876 1151 innumerisque
2916 1067 3066 1133 aliis

846 1181 1214 1251 trucidatus,
1250 1192 1559 1260 caputque
1586 1178 1655 1240 in
1682 1177 1905 1238 rostris
1933 1176 2200 1257 positum
2226 1184 2343 1234 est.
2397 1171 2576 1234 Multi
2619 1184 2684 1234 et
2723 1171 2856 1234 uoti
2881 1171 3068 1252 hujus

848 1281 944 1343 rei
972 1293 1283 1341 auctores.
2093 1297 2104 1308 ·

934 1382 1420 1448 Enumerantur,
1456 1396 1593 1458 quae
1618 1376 1812 1457 gessit
1841 1395 2101 1436 munera
2128 1387 2192 1436 et
2216 1375 2507 1446 bonores,
2545 1385 2776 1455 preter
2802 1372 3064 1436 aedilita·

851 1491 1002 1548 tem,
1033 1475 1487 1537 decemviratus
1529 1473 1697 1553 agris
1739 1470 1961 1535 dandis
2000 1491 2075 1533 ex
2121 1471 2256 1549 lege
2300 1467 2513 1544 Drusi,
2560 1482 2624 1531 et
2665 1467 3068 1549 pontificatus

854 1576 1270 1640 sacerdotium
1298 1578 1365 1638 in
1394 1574 1802 1657 inscriptione
1831 1588 2067 1648 vetere,
2101 1592 2284 1655 quarn
2314 1573 2546 1653 primus
2574 1569 2870 1652 protulit,
2903 1575 3064 1652 qnod

855 1678 1072 1752 sciam,
1097 1676 1347 1755 Pighius
1368 1680 1534 1739 Anu.
1560 1698 1628 1758 p.
1668 1677 1812 1738 199.
1839 1676 2114 1738 Laudum
2151 1674 2573 1737 oratoriarum
2599 1672 2731 1754 ejus
2753 1671 2820 1732 in
2849 1674 3074 1753 primis

866 1773 1226 1836 celebratur
1268 1773 1437 1855 lepos
1478 1787 1543 1836 et
1587 1774 1954 1836 facetiarum
1995 1774 2246 1854 plenum
2285 1791 2480 1849 genus
2514 1770 2783 1832 dicendi.
2818 1773 2898 1830 V.
2928 1770 3062 1832 Cic.

859 1872 1038 1933 Brut.
1067 1890 1127 1930 6.
1152 1869 1261 1940 48,
1289 1869 1397 1944 60,
1424 1890 1606 1949 quem
1624 1870 1831 1933 locum
1849 1870 2078 1952 repetit
2094 1868 2360 1951 Quintil.
2385 1869 2500 1941 XI,
2526 1868 2589 1940 3,
2615 1867 2760 1938 1293
2783 1868 2880 1928 De
2901 1880 3063 1928 orat.

865 1967 951 2041 11,
993 1965 1072 2026 23
1111 1977 1177 2025 et
1200 1963 1313 2036 543
1364 1966 1481 2038 111,
1513 1967 1579 2036 8,
1605 1985 1783 2045 quem
1809 1966 2010 2027 locum
2043 1962 2320 2026 videmus
2346 1985 2446 2046 ap.
2476 1966 2642 2026 Nou.
2661 1966 2740 2026 de
2759 1962 3073 2025 adverbiis

866 2086 930 2127 v.
956 2063 1434 2144 Εὕαν-6301116.
1474 2066 1525 2139 1,
1557 2065 1636 2126 30
1665 2078 1732 2127 et
1768 2065 1882 2139 37;
1925 2067 2104 2128 Tusc.
2130 2067 2209 2138 V,
2243 2067 2343 2129 19.
2373 2067 2588 2148 Quare
2623 2067 2702 2128 de
2731 2063 2968 2127 facetiis
3005 2078 3074 2127 et

864 2162 993 2224 sale
1036 2160 1441 2224 disserentem
1487 2161 1651 2224 libro
1680 2164 1778 2224 De
1806 2175 2057 2226 oratore
2085 2163 2360 2224 secundo
2384 2161 2608 2224 Cicero
2635 2160 2897 2235 inducit,
2937 2161 3069 2223 lau-

862 2261 1092 2340 datque
1114 2259 1218 2320 hic
1248 2258 1379 2320 illic
1391 2259 1671 2341 exempla
1694 2260 1974 2341 exipsius
1995 2259 2380 2323 orationibus
2395 2261 2738 2341 desumpta.
2759 2261 3068 2322 Praeterea

860 2361 932 2425 in
961 2379 1068 2422 sex
1094 2358 1378 2441 patronis
1404 2359 1583 2422 fuisse
1604 2358 1864 2434 dicitur,
1886 2363 1965 2424 ad
1994 2380 2166 2443 quos,
2190 2361 2296 2442 qui
2325 2380 2528 2440 neque
2550 2359 2842 2422 Crassum
2872 2380 3069 2441 neque

865 2458 1210 2524 Antonium
1245 2456 1479 2521 habere
1520 2470 1803 2540 possent,
1849 2457 2287 2538 confugiebant
2313 2458 2526 2540 (Brut.
2563 2478 2621 2519 c.
2663 2457 2802 2540 57).
2855 2458 2937 2519 Et
2976 2470 3070 2519 est

866 2551 1259 2658 perspicuum
1275 2601 1293 2630 ,
1342 2575 1478 2629 cur,
1513 2556 1794 2636 quamvis
1822 2557 1986 2618 culto
2013 2555 2268 2635 ingenio
2313 2568 2379 2617 et
2420 2556 2754 2634 diligenter
2791 2555 3064 2630 Locutus,

865 2670 1078 2718 tamen
1099 2656 1166 2719 in
1189 2655 1547 2740 principum
1570 2678 1897 2720 numerum
1926 2677 2051 2720 non
2078 2656 2466 2740 pervenerit.
2511 2658 2745 2719 Deerat
2771 2657 2942 2719 enim
2967 2678 3070 2719 ve-

868 2754 1202 2816 hementia.
1246 2753 1351 2816 Sic
1385 2767 1451 2817 et
1479 2754 1816 2834 tragoediae,
1848 2757 2009 2817 haud
2040 2752 2227 2816 dubie
2255 2755 2333 2815 (16
2353 2755 2582 2820 Graeco
2599 2772 2924 2818 conversa
2938 2800 2957 2828 ,
3002 2767 3071 2815 ut

866 2848 1235 2912 eruditionis
1261 2851 1679 2913 testimonium
1726 2851 2028 2925 edebant,
2074 2850 2164 2912 ita
2207 2850 2420 2914 nervis
2456 2849 2779 2913 carebant.
2835 2853 3069 2916 Harum

869 2962 1096 3033 praeter
1124 2951 1168 3012 1.
1202 2970 1263 3013 c.
1294 2951 1361 3013 in
1388 2953 1603 3029 Bruto,
1636 2956 1797 3037 apud
1829 2954 2164 3018 Asconium
2195 2954 2274 3014 ad
2301 2955 2526 3017 Scaur.
2549 2953 2595 3016 l.
2623 2973 2682 3015 c.
2713 2964 2920 3015 exstat
2947 2973 3071 3015 me-

875 3047 1099 3109 moria.
1130 3047 1235 3110 Sic
1268 3049 1507 3112 Victor.
1539 3051 1636 3112 De
1671 3052 1948 3130 orthogr.
1975 3054 2029 3125 1,
2054 3071 2118 3133 p.
2163 3051 2353 3124 2456,
2397 3050 3074 3131 primumhuuevocali

877 3145 1121 3220 omissa,
1151 3165 1331 3228 quam
1355 3160 1533 3209 vetus
1561 3150 1935 3210 consuetudo
1964 3148 2430 3230 interponebat,
2462 3145 2830 3226 tragoediam
2872 3147 2950 3210 ab
2994 3169 3073 3210 eo

869 3245 1257 3306 Tecmessam
1295 3242 1663 3326 inscriptam
1696 3245 1986 3306 ostendit.
2036 3245 2249 3308 Festus
2278 3264 2345 3305 v.
2381 3241 2711 3321 Prophetes
2739 3245 2889 3306 duos
2922 3245 3078 3308 satis

875 3341 1192 3422 elegantes
1235 3361 1311 3403 ex
1350 3344 1616 3405 Adrasto
1653 3340 1992 3405 versiculos
2031 3344 2301 3406 adducit.
2351 3347 2428 3404 V.
2459 3356 2525 3406 et
2551 3344 2781 3406 Donat.
2829 3346 2897 3406 in
2927 3346 3073 3408 vin

870 3442 1178 3504 Terentii.
1209 3438 1411 3522 (Conf-
1433 3442 1781 3503 Weichert.
1805 3440 2013 3524 Reliq.
2034 3456 2273 3523 poetar.
2304 3462 2365 3524 p.
2388 3444 2501 3505 127
2517 3441 2557 3525 .)
2580 3443 2865 3526 Accipias
2883 3443 3073 3523 igitur

873 3543 950 3604 de
975 3543 1095 3604 hoc
1114 3540 1359 3605 caesare
1387 3541 1549 3620 quod
1565 3543 1785 3604 Valer.
1818 3544 1981 3605 Max.
2008 3542 2125 3618 111,
2149 3544 2210 3615 7,
2240 3543 2340 3614 11,
2375 3544 2447 3605 L.
2474 3543 2714 3604 Attium
2748 3543 2809 3606 ei
2845 3544 2912 3604 111
2941 3546 3072 3605 col·

876 3639 1101 3716 legium
1141 3649 1464 3721 poetarum
1492 3640 1769 3703 venienti
1802 3661 1928 3704 non
1956 3641 2365 3704 assurrexisse
2394 3639 2520 3716 ait;
2570 3643 2736 3722 quod
2759 3640 3074 3705 Corradus

874 3736 950 3795 ad
978 3737 1154 3797 Brut.
1188 3757 1247 3797 c.
1272 3735 1377 3811 28,
1403 3739 1481 3800 de
1501 3739 1643 3802 Sex.
1668 3739 1914 3803 Caesare
1941 3742 2154 3803 nescio
2186 3761 2306 3822 quo
2334 3740 2591 3813 dictum,
2624 3739 2937 3821 Gyraldus
2966 3760 3071 3804 an·

872 3848 998 3896 tem
1025 3847 1358 3916 propterea
1386 3841 1540 3904 duos
1569 3840 1774 3906 Attius
1800 3838 1988 3903 fuisse
2015 3842 2276 3916 censuit,
2303 3840 2465 3921 quod
2489 3838 2854 3904 dictatorem
2876 3838 3072 3903 Cusa-

872 3956 1005 4000 rem
1029 3935 1465 4016 intelligebat..
1481 3986 1494 4002 .
1527 3932 1634 4029 [V.
1655 3940 1738 4002 fr.
1759 3961 1821 4023 p.
1848 3941 1964 4003 160
1982 3936 2109 4030 sq.]
2147 3937 2476 4004 Orationes
2496 3941 2758 4006 sortasse
2777 3963 2906 4006 uon
2925 3938 3073 4006 sat'n

876 4035 1215 4099 elaboratae
1243 4050 1457 4113 erant3
1490 4061 1681 4123 quare
1705 4060 1743 4103 a
1769 4040 2175 4120 grammatico
2212 4040 2508 4104 advocari
2544 4044 2612 4104 in
2651 4041 3071 4108 tostin-mnium

880 4146 1194 4214 poterant,
1230 4137 1338 4198 sed
1366 4156 1401 4198 a
1426 4139 1632 4204 Plinio
1656 4138 1838 4216 min„
1870 4137 2096 4212 Gellio,
2138 4138 2476 4216 Frontone,
2513 4141 2651 4206 aliis
2688 4155 2914 4223 proeter
2939 4139 3074 4204 Pri-

872 4228 1177 4308 scimmm,
1198 4234 1305 4318 qui
1332 4253 1487 4296 unus
1508 4237 1710 4300 locum
1733 4236 2028 4312 servavit,
2055 4247 2360 4302 tacentur.
