3367 5417
1374 451 1464 522 79

328 583 577 658 ductus3
599 581 705 665 qui
732 602 945 646 eorum
981 581 1320 667 disciplinae
1357 587 1768 650 adsuesceret.
1801 581 1906 647 Sic
1941 580 2080 646 Cic.
2123 583 2248 644 Pro
2267 579 2423 644 Coel.
2451 599 2512 643 e.

333 686 395 760 4,
428 681 698 766 Quintil.
735 681 876 757 x11,
917 682 1019 757 11,
1052 685 1115 748 6.
1162 686 1287 748 Sed
1323 684 1523 748 forma
1550 682 1801 758 eximia,
1843 680 2094 762 ingenio
2135 678 2425 745 variabili
2453 690 2518 745 et

331 785 493 867 quod
518 783 702 846 facile
727 803 766 845 a
791 779 973 847 bonis
991 785 1424 861 adduceretur,
1466 803 1607 847 cum
1638 785 1838 847 altero
1866 801 2032 845 anno
2059 781 2349 846 Ciceroni
2367 797 2520 846 con·

329 882 592 945 sulatum
618 883 856 962 petenti
875 882 1223 958 studuisset,
1257 882 1455 946 altero
1472 877 1833 956 Catilinam,
1867 876 1974 962 qui
2000 879 2275 943 moribus
2300 893 2365 942 et
2384 898 2519 942 cor·

328 997 479 1062 pore
507 979 697 1043 etiam
740 977 980 1042 nobiles
1008 979 1427 1044 adolescentes
1455 978 1575 1042 sibi
1600 976 2068 1062 pignerabatur,
2108 979 2307 1060 quoad
2355 978 2523 1040 vires

328 1078 591 1154 ferrent,
621 1090 956 1142 assectatus
984 1089 1102 1141 est.

412 1179 656 1242 Deinde
713 1198 854 1241 cum
895 1190 1277 1263 propraetore
1321 1178 1403 1262 Q.
1453 1177 1747 1260 Pompeio
1768 1223 1786 1255 ,
1838 1196 2023 1258 quem
2071 1175 2526 1240 sanctissimum

328 1273 551 1338 Cicero
576 1287 762 1337 vocat
776 1277 904 1339 Pro
931 1276 1092 1339 Coel.
1117 1296 1178 1339 c.
1207 1276 1312 1354 31,
1344 1277 1414 1339 in
1434 1273 1648 1339 Attica
1673 1274 1813 1346 suit,
1828 1276 1993 1337 unde
2011 1293 2302 1338 reversus
2323 1272 2528 1356 prima

330 1376 749 1439 accusatione.
780 1375 853 1439 C.
898 1377 1155 1441 Antonii
1201 1378 1570 1449 consularis,
1623 1377 2008 1439 voluntatem
2038 1396 2153 1458 pro
2203 1375 2529 1459 republica

330 1472 641 1534 intentam
669 1473 962 1536 ostendit.
998 1475 1384 1557 Quaestorem
1418 1472 1674 1552 Pighius
1713 1471 1895 1554 ponit
1921 1492 1982 1535 a.
2029 1473 2177 1546 696,
2209 1475 2318 1535 sed
2354 1472 2527 1535 nulla

330 1568 704 1636 auctoritate
733 1571 939 1647 nisus3
968 1575 1251 1655 equidem
1290 1593 1420 1637 non
1447 1586 1595 1634 ante
1625 1571 1746 1635 Cn.
1793 1571 2072 1653 Pompeii
2096 1584 2163 1636 et
2187 1573 2269 1634 M.
2306 1573 2532 1648 ,Crassi

328 1671 669 1733 secundum
710 1669 1100 1733 consulatum
1143 1671 1234 1755 (a.
1271 1670 1433 1754 698)
1463 1669 1823 1732 concedam.
1873 1671 2044 1731 Inter
2078 1685 2445 1750 quaesturam
2469 1682 2535 1733 et

335 1769 748 1843 tribunatum,
778 1768 890 1847 qui
915 1768 1137 1832 incidit
1170 1767 1239 1829 in
1290 1785 1525 1829 annum
1553 1764 1700 1840 701,
1746 1766 1943 1830 altera
1985 1768 2298 1830 accusatio
2322 1787 2536 1830 secun·

335 1865 480 1927 dum
543 1863 874 1926 nonnullos
932 1876 1075 1926 acta
1132 1883 1264 1926 esse
1317 1872 1522 1943 potest
1572 1863 1644 1925 L.
1703 1862 1939 1927 Semnii
1994 1864 2307 1938 Atratini,
2353 1884 2537 1946 quem

333 1973 618 2046 praeturoe
640 1957 1040 2024 candidatum
1071 1961 1147 2022 de
1175 1958 1413 2020 ambitu
1431 1960 1788 2042 postulavit.
1815 1959 1931 2024 Hic
1949 1961 2295 2037 Atratinus,
2330 1982 2536 2042 quam·

332 2062 430 2124 vis
453 2073 690 2135 vetere,
719 2073 785 2122 at
803 2058 1249 2140 ignobilissima
1265 2058 1502 2123 familia
1531 2073 1736 2135 natus,
1772 2059 2128 2143 provectior
2146 2072 2328 2124 oetate
2349 2063 2538 2126 hono-

332 2180 435 2223 res
457 2159 715 2250 videtur·
726 2159 975 2242 petisse,
1006 2161 1081 2222 1..
1104 2158 1389 2241 Quinctii
1437 2159 1662 2234 instar,
1698 2158 1803 2239 qui
1828 2155 2338 2240 quinquagesimo
2370 2180 2537 2225 anno

336 2257 623 2320 tribunus
643 2256 781 2317 fuit.
809 2257 969 2318 Nam
990 2253 1153 2317 filius
1178 2253 1313 2336 ejus
1332 2255 1574 2317 adultus
1596 2273 1742 2317 mox
1759 2252 2021 2319 Coelium
2050 2258 2129 2319 de
2167 2257 2233 2321 vi
2264 2270 2331 2319 et
2349 2273 2534 2321 vene·

337 2355 480 2420 ficio
499 2376 678 2419 reum
690 2355 861 2419 fecit.
872 2357 1008 2419 Hac
1025 2355 1418 2419 accusatione
1437 2368 1568 2417 tum
1579 2356 1796 2437 seipse
1814 2356 2111 2440 defendit,
2138 2370 2271 2419 tum
2285 2356 2531 2433 Cicero,

340 2465 405 2516 et
431 2464 635 2516 exstat
652 2450 834 2534 hujus
848 2451 1075 2515 oratio.
1100 2451 1416 2513 Tribunus
1429 2450 1653 2534 plebis,
1668 2471 2049 2533 eoannoquo
2065 2453 2187 2517 Cn.
2211 2453 2540 2536 Pompeius

343 2555 531 2618 tertio
559 2553 772 2616 consul
793 2552 909 2616 fuit
933 2551 1126 2635 (701),
1163 2572 1307 2615 cum
1342 2551 1521 2615 bonis
1541 2552 1737 2627 stetit,
1772 2552 2022 2616 Milonis
2052 2555 2359 2630 defensor,
2387 2555 2537 2636 quin

342 2668 407 2719 et
429 2654 556 2734 legi
591 2654 899 2735 Pompeiae
928 2653 1008 2714 de
1032 2651 1100 2715 vi
1129 2652 1510 2717 intercessor
1546 2654 1807 2728 futurus,
1841 2671 2025 2734 quam
2051 2655 2441 2736 privilegium
2469 2655 2539 2720 in

343 2753 641 2814 Milonem
685 2749 839 2813 ferri
854 2748 1130 2813 dicebat.
1164 2748 1344 2814 Conf.
1376 2747 1511 2814 Cic.
1553 2751 1682 2814 Pro
1721 2746 1942 2813 Milon.
1973 2771 2035 2814 c.
2072 2751 2178 2828 33,
2217 2765 2281 2814 et
2304 2756 2536 2817 Ascon.

341 2851 412 2913 in
446 2847 767 2933 prooemio,
800 2850 979 2912 Brut.
1014 2868 1073 2911 c.
1107 2850 1213 2915 79.
1244 2850 1457 2933 Quare
1500 2869 1762 2925 summa,
1806 2863 1874 2911 ut
1910 2851 2002 2914 ait
2027 2852 2250 2917 Cicero
2295 2852 2378 2937 (1.
2434 2857 2537 2942 c.)

341 2948 654 3011 bonorum
680 2945 1001 3009 voluntate
1027 2945 1224 3008 oedilis
1248 2945 1448 3010 factus
1468 2945 1561 3030 (a.
1600 2947 1793 3034 703).
1824 2948 1889 3010 Is
1915 2960 2054 3011 erat
2072 2970 2272 3013 annus
2293 2954 2544 3034 provin,

342 3041 527 3108 cialis
556 3042 902 3107 Ciceronis.
927 3043 1140 3126 Quare
1168 3063 1309 3106 cum
1328 3042 1399 3107 in
1439 3044 1573 3126 ipsa
1600 3039 1896 3105 aedilitate
1921 3044 2178 3110 Caesaris
2219 3052 2542 3116 commoda

339 3138 574 3206 sectari
612 3141 921 3226 coepisset,
971 3152 1148 3202 recte
1172 3137 1497 3203 Ciceronis
1536 3140 1806 3204 discessu
1825 3161 1864 3204 a
1888 3161 2020 3205 sese
2054 3141 2287 3210 dicitur
2316 3151 2542 3212 disces·

339 3239 516 3302 sisse.
547 3241 729 3302 Brut.
763 3237 809 3300 l.
835 3257 895 3299 c.
933 3234 1085 3299 Inde
1102 3235 1262 3299 bello
1283 3236 1454 3302 civili
1471 3248 1612 3301 orto
1639 3237 1720 3300 ad
1744 3235 2050 3301 Caesmm
2079 3244 2350 3321 transiit,
2378 3257 2445 3308 et
2461 3245 2541 3308 ab

343 3338 501 3399 eoin
522 3333 885 3421 Hispaniam
898 3337 1118 3399 ductus
1134 3348 1254 3411 est,
1278 3356 1478 3419 neque
1498 3348 1763 3419 quaestor
1782 3336 2073 3401 Curionis
2091 3340 2160 3404 in
2181 3343 2396 3408 Africa
2414 3364 2544 3407 esse

342 3435 580 3518 potuit3
610 3434 678 3499 in
703 3456 912 3519 quare
939 3435 1246 3498 Manutius
1267 3449 1464 3510 errat,
1495 3450 1560 3501 et
1587 3448 1726 3520 post
1746 3456 1887 3500 eum
1915 3435 2046 3500 alii.
2078 3473 2167 3486 —-
2198 3444 2546 3506 Proeturam

342 3535 492 3598 inde
512 3535 702 3615 gessit
726 3555 785 3597 a.
811 3537 960 3599 705.
984 3534 1058 3597 C.
1081 3534 1322 3598 Coeare
1350 3536 1438 3610 11,
1482 3539 1558 3599 P.
1591 3535 1862 3600 Servilio
1886 3538 2159 3602 Isaurico
2186 3541 2358 3604 Coss.
2388 3542 2546 3606 Cum

344 3631 739 3695 turbulentas
775 3629 1033 3692 absente
1071 3629 1315 3693 Cmare
1357 3631 1524 3709 leges
1558 3615 1773 3708 feriet,
1822 3645 1887 3695 et
1930 3630 2280 3699 debitorum
2334 3657 2550 3703 causas

345 3731 656 3793 violenter
672 3728 1036 3813 susciperet,
1062 3726 1260 3789 iratus
1302 3726 1531 3789 Caesari
1560 3735 1765 3810 (quam
1792 3725 1953 3795 iram
1970 3731 2103 3815 jam
2145 3730 2442 3801 Ciceroni
2476 3739 2546 3802 in

346 3829 508 3908 Epp.
541 3827 620 3888 ad
650 3825 818 3889 divv.
862 3824 1041 3898 vlu,
1082 3823 1155 3885 17
1206 3822 1702 3913 significaverat)
1737 3828 1910 3894 Urbe
1959 3829 2170 3912 pulsus
2215 3847 2301 3906 et,
2344 3836 2549 3898 accito

350 3923 582 3986 Milone
627 3943 768 3986 cum
794 3921 1053 3987 servitia
1082 3920 1455 3995 concitaret,
1510 3923 1684 3989 circa
1731 3926 1995 3989 Thurios
2037 3927 2401 3995 interfectus
2426 3945 2538 3995 est.

347 4017 511 4088 Vide
528 4019 684 4083 Coes.
708 4022 782 4084 B.
812 4020 955 4084 civ.
987 4020 1103 4096 111,
1124 4019 1346 4095 20-22,
1378 4020 1516 4084 Liv.
1552 4017 1724 4105 Epit.
1746 4022 1910 4096 CXI,
1933 4024 2149 4086 Vellei.
2177 4028 2268 4102 11,
2297 4029 2400 4098 68,
2433 4025 2545 4090 ibi-

351 4142 471 4205 que
497 4120 748 4185 Ruhnk.
780 4133 846 4184 et
868 4121 1072 4205 intpp.
1103 4141 1168 4205 p.
1200 4121 1321 4186 994
1361 4142 1529 4204 sqq„
1565 4124 1834 4189 Dionem
1852 4124 2023 4188 Cass.
2057 4123 2254 4201 XLII,
2290 4126 2395 4202 22,
2427 4132 2548 4214 Ap·

351 4220 605 4303 pianum
634 4219 711 4282 Β.
734 4216 876 4284 civ.
906 4217 1001 4292 113
1027 4217 1252 4284 Euseb.
1285 4219 1443 4281 ada.
1481 4218 1643 4283 1969
1673 4232 1741 4282 et
1770 4217 1997 4300 scalig.
2033 4220 2126 4284 ibi
2150 4239 2216 4302 p.
2261 4222 2399 4289 145.
