3367 5417
1878 411 1968 480 68

816 572 960 614 suas
981 572 1083 614 res
1103 548 1313 612 verbis
1339 549 1680 626 extulisset,
1708 561 1773 610 et
1797 549 2098 630 equitum,
2122 545 2228 628 qui
2262 557 2415 608 tune
2437 543 2831 630 judicabant,
2863 548 3037 613 invi.

819 649 992 715 diam
1023 649 1296 715 conflare
1327 670 1454 713 non
1483 660 1647 714 esset
1675 646 1934 721 veritus,
1969 659 2302 728 antequam
2329 646 2650 712 terrentur
2676 651 3032 724 sententiae,

817 760 1036 831 sponte
1061 748 1129 811 iu
1156 747 1440 810 exsilium
1470 747 1652 809 abiit.
1702 749 1837 811 Hoc
1863 758 1989 821 est,
2022 745 2184 828 quod
2212 744 2451 807 invidia
2476 744 2802 827 depulsum
2829 748 3033 813 tribu-

819 858 971 908 natu
997 846 1173 912 Urbe
1199 845 1533 908 excessisse
1564 842 1794 908 Cicero
1819 844 1975 907 dicit
1995 844 2092 905 De
2131 855 2295 905 orat.
2332 843 2455 918 111,
2501 841 2563 903 3.
2611 843 2870 906 Factum
2898 867 3035 914 esse

821 943 1026 1028 primo
1048 945 1202 1008 belli
1256 942 1510 1008 socialis
1551 964 1717 1008 anno
1753 943 1980 1009 Cicero
2018 945 2210 1004 Bruto
2248 963 2310 1005 c.
2348 942 2428 1004 89
2467 943 2760 1005 ostendit.
2808 945 3039 1011 Secuta

819 1048 1069 1112 Cottam
1106 1049 1173 1110 in
1214 1045 1436 1110 exsilio
1461 1060 1664 1111 mater
1690 1045 1935 1112 Rutilia
1953 1095 1971 1126 ,
2015 1045 2271 1111 virilem
2308 1049 2381 1109 P.
2413 1047 2634 1120 Rutilii
2658 1048 2872 1110 [ratiis
2899 1050 3036 1111 ani·

821 1164 991 1210 mum
1019 1143 1326 1210 retinens.
1350 1146 1551 1206 Testis
1566 1146 1810 1209 Seneca
1825 1143 2073 1209 Consol.
2096 1145 2177 1206 ad
2197 1142 2382 1205 Helv.
2415 1163 2475 1205 c.
2505 1145 2604 1203 16.
2640 1144 2822 1207 Conf.
2847 1145 3039 1207 etiam

824 1247 1179 1328 Appianum
1198 1247 1271 1305 B.
1299 1244 1438 1309 civ.
1467 1248 1522 1323 Ι,
1551 1247 1667 1321 3Ἱ;
1701 1246 1841 1308 Val.
1870 1248 2032 1308 Max.
2050 1246 2240 1318 vlu,
2269 1244 2331 1304 6.
2365 1244 2577 1308 Rediit
2601 1264 2744 1307 cum
2767 1248 2841 1308 L.
2864 1248 3039 1310 Sulla

826 1364 885 1406 a.
916 1345 1064 1420 671,
1096 1346 1218 1409 Cn.
1257 1344 1549 1409 Carbone
1570 1347 1698 1423 111,
1728 1347 1802 1410 C.
1830 1345 2028 1409 Mario
2049 1344 2223 1408 Coss.
2270 1345 2422 1408 Inde
2446 1344 2701 1420 sactum,
2744 1357 2815 1407 ut
2845 1345 3039 1410 aedili·

823 1455 1042 1522 tatem,
1070 1465 1236 1508 anno
1261 1464 1372 1507 suo
1399 1446 1825 1527 praeterlapso,
1858 1463 1986 1508 non
2015 1456 2283 1526 peteret,
2313 1455 2379 1505 et
2397 1462 2479 1504 ne
2501 1456 2770 1525 praetura
2791 1443 3041 1526 quidem

692 1541 703 1554 ⁸
822 1541 1222 1622 fungeretur3
1258 1561 1477 1623 quare,
1504 1552 1575 1601 ut
1600 1538 1924 1623 Philippus
1935 1552 2008 1622 ⁸et
2030 1537 2246 1616 Curio,
2286 1559 2354 1602 se
2376 1537 2519 1601 sine
2546 1560 2803 1604 munere
2830 1543 3042 1604 omnia

823 1637 951 1702 civi
975 1641 1257 1702 Romano
1274 1636 1623 1703 honorifica
1642 1639 1937 1721 adeptum
1960 1637 2142 1701 dixit.
2175 1636 2360 1701 Suuae
2380 1638 2484 1699 vel
2508 1657 2636 1700 non
2655 1636 2807 1701 satis
2829 1652 3045 1721 gratus

820 1737 1029 1817 fuisse,
1053 1740 1154 1802 vel
1179 1738 1483 1820 defugisse
1525 1739 1777 1802 videtur
1819 1739 2135 1819 augustias
2174 1736 2516 1821 petitionis»,
2561 1739 2784 1821 quibus
2819 1760 3044 1822 parum

822 1837 999 1918 digni
1032 1840 1354 1903 dictatoris
1378 1838 1680 1919 suffragio
1708 1841 2012 1902 honorem
2033 1839 2243 1922 adepti
2273 1852 2442 1914 sunt,
2464 1838 2595 1914 alii,
2623 1853 2690 1901 ut
2705 1841 2788 1923 Q.
2809 1841 3040 1921 Ofella,

826 1939 1232 2001 temerariam
1259 1936 1668 2000 ambitionem
1696 1951 1895 1999 morte
1924 1937 2200 2001 luerunt.
2233 1937 2634 2001 Consulatum
2660 1942 2830 2002 enim
2856 1940 3044 2003 Cotta

827 2060 971 2103 cum
999 2041 1072 2099 L.
1103 2037 1369 2104 Octavio
1398 2039 1589 2119 gessit
1614 2059 1674 2100 a.
1704 2035 1854 2114 678,
1898 2039 2072 2102 Sulla
2107 2040 2335 2102 dudum
2371 2054 2639 2103 mortuo.
2688 2040 2801 2128 His
2825 2061 3046 2105 cousu-

825 2137 992 2208 libus
1030 2138 1123 2199 rei
1153 2136 1584 2199 frumentariae
1622 2154 1776 2197 eura
1818 2146 1997 2200 extra
2032 2136 2316 2201 ordinem
2356 2138 2725 2200 demandata
2752 2150 2849 2200 est
2877 2136 3037 2222 (Cio.

825 2240 1014 2301 Verr.
1052 2237 1178 2310 111,
1205 2238 1294 2322 7).
1346 2239 1663 2300 Praeterea
1706 2234 1891 2298 Cotta
1932 2237 2327 2301 tribunitiam
2369 2251 2735 2321 potestatem
2775 2239 3039 2314 macula,

828 2353 1014 2416 quam
1046 2334 1365 2396 inusserat
1397 2334 1470 2394 L.
1511 2333 1710 2408 Sulla,
1751 2333 2077 2410 liberavit,
2126 2333 2405 2416 quamvis
2442 2335 2675 2398 offensa
2717 2334 3046 2401 nobilitate

693 2443 704 2454 ·
828 2429 982 2515 (Cic.
1008 2428 1234 2509 fragm.
1258 2428 1514 2494 Cornel.
1539 2450 1603 2512 p.
1631 2430 1714 2492 25
1743 2429 1996 2494 Schutz.
2033 2427 2127 2517 [et
2147 2435 2376 2495 Ascou.
2403 2452 2466 2513 p.
2500 2431 2579 2494 74
2610 2432 2709 2494 ed.
2734 2428 2968 2520 Orell.]
2990 2436 3038 2521 ).

826 2530 1116 2600 Permisit
1142 2532 1312 2593 enim
1341 2527 1600 2593 Aurelia
1634 2530 1756 2606 lex,
1795 2519 1865 2593 ut
1900 2528 2226 2593 tribunatu
2265 2529 2464 2593 functi
2505 2533 2659 2594 alios
2686 2529 2912 2596 deinde
2940 2535 3046 2598 ho·

829 2651 1016 2694 nores
1051 2643 1363 2715 peterent.
1409 2631 1592 2695 Conf.
1637 2634 1869 2695 Ascon.
1914 2634 1994 2695 ad
2023 2635 2211 2696 Verr.
2252 2634 2369 2709 111,
2413 2632 2517 2693 60.
2568 2633 2803 2716 Quales
2840 2621 3048 2700 autem

736 2723 751 2738 ‘
830 2729 1101 2795 Aureliae
1122 2733 1291 2813 leges
1312 2728 1582 2806 suerint,
1609 2732 1688 2795 de
1718 2733 1956 2815 quibus⁸
1968 2729 2101 2815 ipse
2130 2733 2507 2812 abrogandis
2535 2735 2605 2796 in
2633 2748 2855 2797 senatu
2880 2751 3043 2798 retu·

828 2831 998 2906 lerit,
1042 2833 1203 2912 quod
1237 2831 1608 2896 Ciceronem
1646 2830 1764 2893 Or.
1805 2850 1922 2914 pro
1948 2830 2204 2895 Cornel.
2243 2830 2291 2892 l.
2334 2853 2393 2894 c.
2418 2830 2519 2915 (p.
2561 2833 2638 2897 66
2676 2835 2907 2897 Ancon.
2942 2837 3042 2897 ed.

829 2927 1056 3014 Orell.)
1084 2928 1316 2998 dixisse
1350 2931 1652 3007 videmus,
1707 2951 1832 2995 uon
1871 2931 2023 2996 satis
2058 2944 2338 3026 constat²
2381 2933 2562 2994 Illam
2600 2935 2680 2996 de
2717 2933 3048 2998 tribunitia

831 3042 1136 3114 potestate
1164 3032 1234 3094 iu
1254 3032 1352 3094 his
1381 3054 1510 3096 non
1537 3053 1696 3107 esse,
1729 3034 2035 3097 Asconius
2064 3033 2144 3094 ad
2172 3034 2238 3094 h.
2266 3034 2313 3095 l.
2341 3032 2584 3096 consilii
2614 3035 2892 3096 incertus
2917 3035 3049 3119 ipse

832 3128 1187 3208 adnotavit,
1230 3153 1432 3215 neque
1472 3134 1637 3216 apud
1673 3133 2117 3210 Fenestellam,
2169 3152 2371 3214 neque
2411 3135 2572 3216 apud
2599 3133 2957 3198 Sallustium
2986 3150 3050 3198 et

830 3224 1078 3290 Livium
1109 3226 1444 3312 quidquam
1471 3228 1736 3311 reperit.
1770 3230 1999 3308 Legem
2027 3230 2104 3290 de
2125 3226 2402 3311 judiciis,
2441 3242 2512 3291 ut
2541 3248 2668 3293 non
2700 3231 2916 3306 solam,
2955 3227 3049 3294 ita

831 3325 933 3388 vel
952 3344 1029 3387 ea
1046 3326 1127 3387 de
1152 3345 1226 3387 re
1252 3347 1381 3389 non
1401 3321 1715 3386 intellexit
1732 3320 1979 3401 Cicero,
2012 3326 2171 3407 quod
2194 3344 2232 3386 a
2254 3327 2339 3386 M.
2367 3322 2626 3388 Aurelio
2647 3325 2832 3389 Cotta
2851 3326 3049 3390 fratre

831 3441 1000 3485 auno
1022 3423 1269 3484 demum
1290 3433 1589 3504 sequente
1619 3420 1926 3500 abrogata
1953 3435 2068 3484 est.
2100 3425 2310 3486 Potest
2330 3436 2540 3487 tamen
2564 3425 2684 3486 hoc
2707 3425 3043 3503 negotium,

830 3519 908 3581 de
937 3537 1057 3600 quo
1087 3519 1161 3580 C.
1189 3517 1374 3581 Cotta
1413 3518 1629 3581 consul
1667 3517 1909 3580 referre
1948 3533 2256 3602 coeperat,
2303 3520 2372 3581 iu
2412 3531 2771 3602 sequentem
2814 3538 3050 3582 aunum

834 3629 1182 3683 extractum
1200 3619 1423 3682 videri.
1450 3620 1540 3681 Ex
1559 3620 1883 3683 consulatu
1899 3619 2173 3687 Galliam
2192 3620 2586 3704 provinciam
2605 3622 2879 3693 sortitus,
2902 3641 3050 3685 cum

831 3714 1000 3797 justo
1020 3721 1309 3803 cupidior
1332 3718 1634 3805 triumphi
1654 3721 1889 3798 suisset,
1907 3723 2042 3806 jam
2063 3725 2314 3787 decreto
2336 3726 2575 3788 honore
2596 3723 2772 3802 fungi
2792 3741 2922 3784 non
2943 3743 3050 3807 po-

838 3818 983 3892 tuit,
1007 3821 1114 3883 sed
1133 3824 1460 3903 repentina
1481 3837 1686 3886 morte
1719 3824 2061 3888 exstinctus
2078 3839 2172 3887 est
2192 3820 2351 3906 (cic.
2374 3825 2487 3889 Or.
2515 3828 2585 3890 in
2608 3826 2817 3890 Pison.
2846 3842 2910 3890 c.
2936 3824 3043 3901 26,

837 3919 1018 3984 Brut.
1045 3940 1104 3983 c.
1134 3921 1238 3995 923
1264 3923 1427 3986 conf.
1452 3926 1684 3989 Ascon.
1711 3923 1854 3986 adl.
1883 3922 1989 4004 c.).

928 4022 1032 4122 533.
1084 4023 1446 4100 Causarum,
1481 4045 1632 4108 quas
1659 4021 1838 4101 dixit,
1872 4041 2107 4105 paueae,
2138 4043 2347 4107 eaeque
2384 4028 2635 4090 nomine
2671 4029 2919 4089 t'antum
2954 4037 3048 4088 te·

846 4135 981 4192 nus,
1012 4128 1173 4180 notae
1198 4131 1368 4184 sunt.
1418 4121 1791 4185 Adolescens
1829 4117 2108 4183 defendit
2143 4122 2514 4207 avunculum
2541 4126 2616 4187 P.
2642 4121 2947 4187 Rutilium
2983 4134 3051 4185 et

843 4216 1120 4296 quamvis
1136 4239 1333 4301 pauca
1352 4239 1471 4288 nee
1488 4220 1694 4286 fucata
1711 4219 1970 4301 artibus,
1990 4232 2197 4286 tamen
2217 4215 2493 4288 oratorie
2515 4224 2700 4287 dixit.
2735 4220 3053 4289 Arretina
