3367 5417
1421 463 1551 534 129

387 624 426 659 «r
450 599 671 660 Cicero
694 596 885 659 nimia
907 616 944 660 e
965 597 1178 660 verbis
1195 597 1458 661 Catonis
1475 598 1704 661 ducere
1742 598 2023 661 videtur:
2051 597 2287 658 etenim
2327 596 2595 659 studium

381 703 705 764 literarum
751 719 876 762 non
925 712 1170 782 poterat
1215 699 1605 781 exprobrare
1645 697 1841 775 Cato,
1889 699 1993 780 qui
2033 700 2163 779 ipse
2205 716 2421 760 earum
2459 712 2599 760 erat

380 801 861 876 amantissimus,
896 802 1123 882 quique
1159 803 1415 883 insuper
1448 801 1645 863 Ennio
1682 800 2078 862 familiariter
2120 800 2430 874 utebatur,
2474 799 2600 861 imo

385 904 516 987 ipse
541 923 682 967 eum
712 923 788 965 ex
815 902 1106 969 Sardinia
1133 904 1495 967 deduxerat.
1543 901 1703 967 Illud
1728 915 1971 964 tantum
1999 902 2367 985 probrosum
2396 898 2604 963 existi-

389 1005 587 1067 mavit
612 1003 808 1077 Cato,
837 1005 1002 1085 quod
1030 1005 1302 1067 Ennium
1331 1008 1397 1063 in
1423 1008 1807 1082 provinciam
1838 1004 2100 1067 duxerat
2126 1003 2370 1077 consul,
2414 1014 2479 1064 et
2518 1001 2607 1063 ita

383 1099 604 1165 studiis
619 1099 741 1164 suis
762 1114 911 1163 tunc
929 1102 1119 1163 etiam
1138 1101 1466 1194 indulsisse
1482 1098 1838 1176 videbatur,
1859 1121 1997 1163 cum
2012 1099 2251 1162 bellicae
2268 1096 2607 1181 disciplinae

390 1198 698 1280 rebusque
719 1196 1139 1262 severioribus
1158 1218 1413 1282 operam
1435 1199 1623 1261 unice
1645 1217 1882 1262 navare
1903 1197 2235 1261 debuisset.
2264 1190 2326 1285 a]

475 1299 697 1365 Cicero
735 1300 832 1363 De
866 1314 1024 1362 orat.
1062 1302 1147 1375 11,
1186 1301 1306 1364 63:
1343 1301 1626 1364 Alterum
1669 1317 1867 1378 genus
1899 1312 2016 1371 est,
2047 1300 2210 1380 quod
2242 1297 2438 1361 habet
2471 1315 2610 1378 par-

397 1416 541 1461 vam
569 1395 750 1459 verbi
776 1391 1264 1460 immutationem
1288 1444 1305 1474 ,
1337 1399 1498 1479 quod
1528 1393 1594 1458 in
1618 1396 1806 1458 litera
1851 1398 2113 1479 positum
2134 1394 2341 1459 Graeci
2389 1400 2617 1457 vocant
2667 1396 2752 1473 27

387 1509 770 1580 παρονομασίαν,
798 1510 869 1558 nt
888 1497 1270 1559 Nobiliorem
1303 1498 1695 1558 mobiliorem
1724 1497 1905 1560 Cato.

462 1632 790 1700 nobitas-an]
817 1628 1086 1686 leviorem.

478 1762 650 1821 Duas
685 1758 1006 1821 orationes
1046 1772 1269 1822 contra
1301 1761 1384 1821 Μ.
1415 1757 1708 1822 Fulvium
1737 1779 1775 1820 a
1803 1759 2046 1848 Catone
2086 1759 2333 1823 habitas
2359 1759 2497 1820 veri
2536 1757 2614 1818 si·

394 1854 540 1918 mile
566 1870 681 1930 est,
720 1875 929 1924 unam,
977 1875 1110 1937 quae
1144 1874 1312 1919 nunc
1340 1857 1664 1938 proposita
1694 1870 1812 1928 est,
1845 1855 1913 1917 in
1942 1876 2063 1937 qua
2089 1857 2454 1937 largitiones
2481 1854 2617 1936 ejus

409 1951 634 2014 nimias
662 1952 957 2029 incessit;
992 1952 1277 2023 alteram,
1311 1951 1377 2012 in
1407 1972 1527 2032 qua
1553 1953 1760 2015 Fulvii
1790 1970 2117 2015 censuram
2143 1972 2309 2015 anno
2335 1953 2455 2014 574
2480 1972 2618 2035 per-

391 2052 680 2127 strinxit,
726 2066 795 2114 ut
821 2070 901 2114 ex
926 2050 1112 2114 Festo
1140 2068 1193 2112 s.
1219 2071 1287 2112 v.
1312 2051 1665 2114 Betria-ibus
1695 2065 1912 2136 aperte
1950 2052 2288 2134 colligitur.
2337 2055 2617 2116 Distinxi

392 2154 584 2234 igitur
628 2152 980 2234 fragmenta
1028 2154 1349 2233 utriusque
1392 2154 1697 2219 orationis
1717 2198 1734 2227 ,
1784 2173 1919 2236 quae
1961 2176 1999 2217 a
2038 2157 2273 2238 Popma
2315 2170 2383 2219 et
2421 2158 2618 2220 Lione

398 2248 824 2330 conglutinata
851 2262 1017 2310 sunt.
1047 2249 1359 2311 Weberus
1383 2250 1713 2313 adnotavit
1735 2268 1878 2333 pag.
1906 2248 2031 2314 25:
2061 2277 2090 2308 α
2121 2253 2207 2314 Μ.
2233 2248 2448 2316 Fulvio
2471 2272 2618 2315 con-

394 2348 515 2409 suli
544 2369 603 2410 a.
626 2350 709 2416 U.
739 2346 861 2411 564
895 2348 1165 2427 legatum
1195 2367 1262 2410 se
1290 2347 1546 2410 missum
1575 2349 1642 2410 in
1673 2349 1964 2412 AEtoliam
1994 2363 2329 2432 propterea
2352 2353 2512 2431 quod
2538 2372 2618 2414 ex

397 2446 620 2510 AEtolia
645 2449 997 2531 complures
1026 2462 1365 2523 venerant,
1400 2446 1633 2511 AEtolos
1667 2469 1887 2531 pacem
1916 2450 2103 2524 velle,
2136 2451 2213 2513 de
2249 2471 2325 2515 ea
2366 2472 2437 2515 re
2475 2472 2616 2514 ora·

412 2559 583 2610 tores
600 2548 862 2612 Romam
880 2548 1221 2630 profectos,
1243 2548 1406 2630 apud
1429 2548 1681 2610 Festum
1696 2548 1933 2611 dicitin
1947 2549 2291 2628 fragmento
2313 2553 2621 2615 orationis

399 2646 494 2707 De
524 2644 651 2707 suis
678 2643 1048 2707 virtutibus.
1079 2642 1272 2725 Cujus
1300 2644 1398 2706 rei
1424 2644 1478 2705 si
1505 2643 1853 2725 scriptores
1868 2643 2035 2707 illius
2064 2644 2212 2707 belli
2238 2648 2617 2710 mentionem

400 2760 530 2801 non
555 2739 814 2814 faciunt,
846 2739 1084 2800 factum
1112 2750 1241 2810 est,
1285 2739 1447 2819 quod
1477 2737 1740 2802 Catonis
1780 2739 1889 2802 illo
1926 2752 2208 2822 tempore
2245 2752 2458 2824 partes
2488 2762 2617 2806 non

403 2837 560 2897 adeo
589 2852 828 2912 magnae
853 2834 1146 2897 videntur
1174 2834 1378 2896 luisse.
1412 2832 1708 2897 Ceterum
1734 2855 1811 2898 ea
1839 2836 2173 2900 occasione
2192 2837 2456 2903 fortasse
2479 2859 2621 2902 usus

402 2947 518 3009 est,
549 2946 620 2995 ut
644 2933 927 2996 Fulvium
964 2934 1041 2994 de
1082 2934 1179 2995 rei
1218 2933 1508 3012 gerendoe
1533 2934 1783 2997 ratione
1827 2936 1907 2996 ad
1961 2949 2245 3000 senatum
2272 2939 2612 3002 incusaret.

399 3030 595 3113 Cujus
614 3030 919 3093 orationis
944 3030 1263 3093 nonnullae
1284 3043 1507 3093 extant
1524 3032 1870 3113 particulae.
1897 3059 2017 3090 »-
2032 3034 2252 3109 Recte,
2278 3038 2386 3099 sed
2407 3037 2620 3103 distin·

402 3130 644 3209 guenda
663 3144 831 3205 sunt,
855 3143 928 3191 ut
953 3128 1105 3203 dixi,
1130 3127 1392 3191 duarum
1413 3129 1479 3191 in
1505 3129 1789 3192 Fulvium
1813 3131 2126 3194 actionum
2148 3133 2517 3212 fragmenta.

1007 3311 1110 3374 13.
1154 3331 1378 3375 onum
1415 3334 1494 3374 ns
1545 3332 2023 3376 consummoue.

491 3471 672 3535 Hanc
697 3471 781 3533 ad
806 3490 1039 3534 anuum
1078 3474 1195 3536 567
1229 3473 1465 3544 refero,
1485 3493 1643 3536 cum
1684 3476 1760 3535 de
1801 3475 2205 3540 clandestinis
2246 3476 2626 3559 conjuratio-

408 3571 593 3635 nibus
620 3582 1035 3653 quaereretur.
1085 3568 1408 3635 Coitiones
1441 3573 1616 3635 enim
1647 3573 1827 3635 foedae
1865 3588 1934 3636 et
1970 3575 2247 3638 incestus
2287 3577 2625 3660 turpissimi

408 3672 727 3752 utrimque
772 3688 958 3733 sexus
1007 3669 1357 3744 hominum,
1403 3689 1682 3746 venena,
1734 3671 2165 3754 intestinaque
2210 3678 2439 3754 caedes,
2490 3700 2626 3761 quae

410 3770 640 3834 crebra
683 3771 754 3833 in
797 3769 1058 3834 occultis
1106 3768 1554 3849 nocturnisque
1598 3770 2084 3837 Bacchanalium
2129 3776 2324 3840 sacris
2365 3777 2620 3857 fiebant,

411 3866 683 3951 primum
699 3870 937 3945 Romoe,
962 3867 1192 3932 deinde
1216 3867 1448 3951 passim
1475 3886 1593 3951 pu·
1620 3867 1893 3946 ltaliam,
1921 3889 2066 3934 casu
2091 3873 2337 3943 detecta
2348 3875 2619 3943 fuerant.

412 3968 579 4033 Falsi
607 3981 822 4046 testes,
856 3969 1010 4033 falsa
1037 3966 1217 4051 signa
1248 3980 1742 4053 testamentaque
1779 3985 1844 4034 et
1881 3969 2117 4036 indicia
2145 3994 2221 4036 ex
2247 3978 2466 4042 eadem
2495 3978 2625 4041 osli·

411 4064 558 4131 cina
586 4065 866 4130 exibant.
912 4067 1105 4129 Multa
1144 4067 1310 4141 dolo,
1348 4068 1644 4149 pleraque
1671 4089 1787 4152 per
1808 4066 1936 4133 vim
1963 4072 2368 4138 audebantur.
2402 4075 2626 4161 Conju-

411 4184 590 4230 rasse
637 4184 825 4250 supra
874 4177 1111 4248 septem
1156 4163 1355 4229 millia
1404 4168 1682 4230 virorum
1728 4190 1805 4232 ac
1855 4170 2180 4236 mulierum
2228 4175 2618 4242 dicebantur.

413 4265 623 4328 Livius
650 4264 897 4347 copiose
925 4282 1059 4328 rem
1087 4265 1343 4346 exponit
1372 4266 1659 4344 xxxlx,
1688 4269 1867 4331 8-18.
1902 4320 1907 4325 .
2479 4249 2505 4272 “

2262 4390 2322 4441 17
