3367 5417
1441 427 1581 499 247

498 566 723 631 Cicero
749 566 848 630 De
876 568 1127 630 Invent.
1153 567 1206 643 I,
1230 565 1338 644 43,
1366 569 1487 632 80:
1526 564 1720 630 Curio
1745 585 1863 651 pro
1883 565 2137 629 Fulvio:
2170 567 2382 630 Nemo
2419 583 2624 648 potest

411 687 535 728 uno
555 667 846 746 adspectu
863 685 1057 752 noque
1070 670 1436 745 praeteriens
1457 670 1524 726 in
1540 673 1825 727 amorem
1847 667 2146 726 incidere.

496 766 729 828 Eadem
751 764 945 834 verba
968 764 1133 847 opud
1155 765 1344 827 Auct.
1367 766 1449 828 ad
1465 766 1747 848 Horonn.
1773 765 1858 838 11,
1882 763 1991 839 20,
2014 763 2123 840 23,
2149 776 2412 826 exstant.

495 865 661 928 Plin.
683 864 766 926 H.
792 865 870 925 N.
886 865 1034 942 VII,
1061 862 1138 925 41
1167 885 1184 925 z
1216 863 1362 932 Una
1381 863 1620 927 familia
1640 864 2015 940 Curionum,
2037 864 2109 927 in
2130 883 2254 947 qua
2276 875 2406 927 tres
2428 861 2624 927 conti·

409 984 532 1028 uua
551 965 715 1028 serie
733 976 1018 1030 oratores
1036 964 1429 1031 exstiterunt.

493 1066 829 1131 Scholiast.
860 1065 1143 1130 Ambros.
1163 1065 1234 1130 in
1255 1065 1464 1131 Cicer.
1477 1065 1597 1132 Or.
1611 1066 1680 1130 in
1703 1065 1989 1130 Clodium
2010 1077 2077 1130 et
2094 1065 2434 1131 Curionem
2452 1085 2515 1148 p.
2537 1064 2619 1131 86

415 1164 515 1225 od.
539 1165 750 1226 Beier.
780 1160 879 1247 (p.
909 1165 1036 1228 330
1057 1166 1157 1228 ed.
1178 1164 1445 1251 Orell.)=
1475 1166 1632 1227 Tres
1658 1162 1784 1227 illis
1811 1162 2190 1248 temporibus
2211 1159 2515 1227 Curiones
2543 1159 2622 1225 il-

408 1259 595 1323 lustri
620 1259 873 1325 nomine
902 1262 1281 1326 exstiterunt
1308 1275 1495 1346 atquo
1523 1262 1613 1324 ita
1638 1260 1708 1324 in
1737 1258 1921 1324 libris
1948 1261 2013 1346 (i.
2036 1282 2099 1325 e.
2120 1258 2188 1323 in
2206 1257 2620 1348 orationibus)

412 1359 613 1421 adhuc
636 1359 962 1423 feruntur:
992 1357 1186 1424 Curio
1215 1379 1399 1435 avus,
1438 1359 1544 1441 qui
1570 1359 1855 1422 Servium
1882 1360 2165 1422 Fulvium
2192 1359 2417 1423 incesti
2446 1378 2622 1421 reum

411 1454 714 1533 defendit,
747 1470 813 1519 et
837 1458 943 1522 hio
968 1457 1042 1522 C.
1066 1456 1259 1522 Curio
1286 1469 1496 1542 pater,
1532 1458 1638 1537 qui
1664 1458 1737 1519 P.
1766 1454 1986 1521 Clodio
2025 1453 2254 1528 adsuit,
2298 1469 2365 1520 et
2398 1458 2622 1521 tertius

407 1553 515 1615 ine
536 1552 730 1617 Curio
756 1555 1161 1630 tribunitius,'
1180 1555 1288 1638 qui
1303 1554 1468 1618 bello
1492 1554 1664 1618 civili
1681 1554 2059 1638 Pompeiano
2078 1553 2145 1616 in
2166 1553 2380 1616 Africa
2396 1551 2617 1637 periit3

407 1675 554 1720 cum
582 1670 744 1722 oeset
772 1657 1045 1742 partium
1072 1658 1152 1723 C·.
1178 1656 1466 1730 Coesaris,
1500 1675 1829 1741 opproesus
1860 1670 1957 1720 est
1991 1655 2071 1719 ab
2100 1652 2412 1737 equitibus
2438 1656 2619 1718 Jnhoe
2655 1649 2664 1664 '

404 1773 601 1834 regis.
2254 1773 2258 1778 ’

487 1855 710 1920 Senec.
758 1855 952 1940 Epist.
999 1854 1240 1919 cx1v=
1287 1854 1470 1918 Multi
1508 1874 1586 1917 ox
1627 1852 1833 1918 alieno
1872 1855 2079 1919 seculo
2122 1861 2345 1937 petunt
2385 1852 2613 1928 verba,

399 1952 728 2016 duodecim
758 1952 997 2016 tabulas
1022 1953 1380 2035 loquuntur,
1413 1953 1742 2017 Gracchus
1767 1953 1895 2014 issis
1930 1965 1996 2013 et
2033 1951 2294 2016 Crassus
2334 1963 2401 2013 et
2433 1951 2617 2012 ctu-to

389 2045 591 2113 'nimis
611 2048 764 2114 culti
791 2062 858 2115 et
881 2063 1168 2115 recentes
1184 2063 1352 2126 sunt,
1376 2051 1456 2115 ad
1473 2050 1743 2133 Appium
1764 2067 1960 2134 usquo
1986 2061 2053 2112 et
2074 2050 2155 2111 sd
2173 2048 2612 2113 Coruncanum

391 2151 682 2213 redeunt.

471 2312 1324 2386 GmoJinoeuigendanCnrio
1338 2331 1489 2367 ιω..

797 2508 1211 2582 XXXVIII.
1244 2509 1353 2583 'C.
1389 2505 1667 2596 Galba,
1702 2507 1943 2581 Servii
1976 2504 2202 2580 filius.
2671 2490 2802 2561 ¹34

395 2717 402 2726 ⁸
482 2727 620 2796 Cic.
656 2731 836 2792 Brut.
878 2749 936 2792 o.
979 2727 1087 2802 33,
1112 2727 1274 2791 127:
1319 2723 1484 2789 Huic
1514 2723 1627 2808 (C.
1647 2726 1967 2813 Gracchi)
1994 2726 2295 2791 suecessit
2332 2723 2500 2789 oetati
2528 2726 2602 2791 C.

392 2826 632 2902 Galba,
662 2825 870 2890 Servii
894 2825 1062 2888 illius
1087 2821 1914 2907 eloquentissimivirifilius,
1937 2824 2013 2886 P.
2038 2822 2251 2889 Crassi
2265 2825 2611 2908 eloquentis

392 2938 462 2987 et
490 2920 848 3008 jurisperiti
882 2942 1095 3004 gener.
1149 2921 1518 2986 Laudabant
1562 2922 1733 2984 hune
1782 2934 1995 3006 patres
2037 2922 2240 2984 nostri
2254 2969 2273 2999 ,
2314 2922 2611 2988 favebant

390 3022 581 3084 etiam
611 3032 866 3104 propter
887 3019 1085 3103 patris
1108 3018 1495 3095 memoriam,
1518 3020 1628 3084 sed
1648 3015 1879 3082 cecidit
1905 3018 1974 3081 in
2007 3037 2215 3081 cursu.
2248 3020 2403 3082 Nam
2429 3038 2611 3099 roga-

395 3125 570 3187 tione
597 3120 869 3184 Mamilia
895 3121 1295 3203 Jugnrthinoe
1323 3119 1774 3203 conjurationis
1800 3119 2063 3196 invidia,
2093 3138 2282 3204 quum
2310 3139 2435 3199 pro
2471 3139 2610 3180 sese

390 3228 534 3302 ipse
557 3222 847 3297 dixisset,
877 3241 1207 3307 oppressus
1231 3233 1349 3283 est.
1389 3216 1620 3282 Exstat
1641 3215 1778 3304 ejus
1801 3224 2136 3299 peroratio,
2180 3222 2291 3304 qui
2329 3217 2608 3299 epilogus

390 3323 634 3396 dicim,
680 3324 790 3406 qui
825 3336 1004 3389 tanto
1043 3323 1112 3387 in
1152 3324 1388 3388 honore
1426 3319 1640 3407 pueris
1680 3320 1864 3386 nobis
1904 3333 2064 3395 erat,
2114 3333 2185 3384 ut
2228 3338 2372 3383 eum
2414 3318 2604 3381 etiam

390 3422 828 3486 edisseremus.

466 3605 735 3660 oppressus
750 3591 847 3655 ut]
862 3605 913 3639 a.
929 3587 999 3640 11.
1012 3586 1117 3640 644
1127 3587 1214 3656 (α
1223 3586 1400 3659 Pigbii
1417 3584 1644 3653 ntimo)
1658 3584 1724 3637 C.
1741 3581 2012 3637 nummus
2025 3584 2333 3637 Limetanus
2355 3580 2605 3635 tribunus

536 3673 618 3745 pl.
637 3671 961 3745 rogationem
981 3671 1048 3725 ud
1066 3672 1326 3744 populum
1349 3668 1729 3743 promulgavit,
1758 3685 1877 3741 quae
1901 3668 2045 3742 apud
2070 3667 2295 3723 Sallust.
2314 3668 2442 3741 Jug.
2462 3686 2512 3721 o.
2536 3668 2605 3720 ⁴0

537 3766 727 3811 exstat.
744 3754 903 3809 Cous.
919 3755 1035 3809 Cic.
1055 3757 1207 3809 Brut.
1225 3773 1275 3808 c.
1293 3754 1383 3819 34,
1403 3754 1521 3807 128.

881 3944 1228 4018 XXXIX.
1287 3944 1375 4017 C.
1415 3941 1711 4018 Flavius
1744 3941 2097 4015 Fimbria.

397 4159 410 4168 '
478 4153 706 4218 Consul
729 4153 851 4215 fuit
877 4173 938 4215 a.
962 4156 1046 4220 U.
1075 4153 1226 4216 649.
2258 4201 2265 4210 .

476 4252 609 4317 Cio.
633 4253 807 4315 Brut.
837 4271 895 4313 o.
923 4250 1027 4323 34,
1058 4251 1212 4313 129:
1241 4248 1315 4314 C.
1338 4247 1614 4312 Fimbria
1640 4248 1892 4311 habitus
1919 4260 2014 4313 est
2041 4259 2224 4326 sans,
2267 4261 2337 4312 ut
2366 4249 2457 4312 ita
2499 4250 2592 4313 di-
