3367 5417
1797 384 1882 452 44

752 519 855 592 10,
888 517 1094 581 Valer.
1128 519 1291 581 Max.
1326 520 1446 593 111,
1474 521 1536 594 8,
1578 521 1643 598 43
1681 522 1795 595 IV,
1831 522 1888 595 1,
1945 519 2046 593 10,
2082 515 2348 600 Appian.
2388 516 2547 577 Bell.
2594 515 2733 579 Civ.
2763 518 2816 590 1,
2853 516 2940 580 29

747 636 911 697 sqq„
946 617 1257 679 Plutarch.
1293 619 1359 679 in
1389 614 1585 680 Mario
1623 639 1678 680 c.
1715 619 1818 682 29.
1851 616 2191 679 Restitutus
2218 627 2311 677 est
2350 613 2671 693 rogatione
2699 613 2944 676 Calidia

752 711 921 794 (Cic.
966 711 1077 776 Or.
1112 734 1223 796 pro
1264 715 1480 777 Plane.
1515 734 1572 776 c.
1605 715 1709 790 28,
1766 716 1844 776 ad
1880 715 2061 798 Quir.
2099 734 2163 795 p.
2191 713 2325 774 red.
2358 734 2416 774 c.
2451 710 2525 793 3)
2564 711 2942 791 deprecante

749 812 862 875 Pio
903 812 1031 875 filio
1044 840 1064 891 3
1105 815 1212 876 sed
1242 828 1382 894 post
1416 815 1626 878 nescio
1651 817 1952 896 quomodo
1991 815 2192 876 fracto
2224 812 2408 874 fuisse
2457 809 2666 875 animo
2708 811 2940 872 dicitur

747 907 880 971 Cic.
915 911 1074 992 Epp.
1108 913 1186 972 ad
1212 912 1358 973 fam.
1392 913 1443 987 Ι,
1474 917 1533 977 9.
1571 915 1651 974 Et
1683 933 1823 975 suas
1842 909 2064 976 Cicero
2094 931 2231 973 cum
2261 907 2568 971 Numidici
2597 909 2786 970 rebus
2813 927 2942 970 non

746 1009 884 1071 sine
916 1011 1229 1072 fastidiosa
1247 1010 1587 1092 jactatione
1608 1031 1769 1096 saepe
1808 1024 2151 1096 comparat,
2182 1022 2251 1071 ut
2277 1008 2532 1073 fortasse
2563 1010 2716 1071 illud
2749 1008 2944 1071 etiam

747 1108 842 1169 sui
887 1110 1221 1171 excusandi
1247 1131 1427 1173 causa
1472 1132 1694 1194 parum
1734 1125 1906 1174 certo
1951 1111 2242 1174 traditum
2270 1110 2628 1191 arripuerit.
2682 1110 2780 1172 Ad
2817 1110 2946 1171 Ma·

748 1209 931 1270 riana
959 1221 1241 1292 tempora
1270 1230 1396 1273 non
1424 1213 1614 1286 vixit3
1648 1232 1848 1293 neque
1882 1211 2050 1275 enim
2087 1207 2269 1273 Marii
2299 1209 2596 1271 saevitiam
2623 1208 2938 1270 evasisset.

746 1307 1064 1368 Incertum
1101 1304 1349 1370 videtur
1376 1320 1440 1370 et
1466 1329 1546 1370 ex
1578 1309 1763 1382 fama,
1800 1321 1971 1372 certe
2002 1309 2388 1391 pervulgata,
2433 1303 2751 1376 affirmari,
2784 1325 2819 1366 a
2846 1306 2930 1388 Q.

748 1404 938 1468 Vario
967 1425 1209 1469 veneno
1239 1405 1544 1468 sublatum
1576 1429 1729 1482 esse,
1764 1407 1900 1471 Cic.
1931 1408 2027 1470 De
2053 1422 2184 1470 nat.
2217 1408 2389 1469 deor.
2423 1407 2543 1481 111,
2579 1405 2685 1479 33,
2718 1407 2823 1467 81.

839 1503 941 1564 34.
993 1504 1267 1568 Moribus
1311 1504 1490 1586 hujus
1532 1507 1659 1567 viri
1701 1506 2095 1569 sanctissimis
2129 1518 2193 1568 et
2237 1506 2304 1567 in
2352 1504 2548 1566 nobili
2595 1502 2948 1568 constantia

748 1604 1010 1669 lenitate
1047 1607 1405 1688 temperatis
1438 1606 1644 1669 offecit
1676 1611 2015 1671 communis
2062 1607 2451 1690 optimatium
2498 1604 2748 1667 morbus
2774 1651 2791 1678 ,
2841 1624 2944 1664 su-

748 1702 995 1782 perbia,
1043 1723 1175 1784 quae
1190 1703 1263 1767 C.
1298 1704 1563 1766 Marium
1583 1704 1751 1767 bello
1773 1705 2151 1785 Jugurthino
2172 1702 2293 1766 sibi
2311 1704 2579 1781 legatum
2608 1720 2733 1762 non
2757 1701 2823 1762 in
2853 1701 2949 1761 sui

753 1800 958 1875 modo,
987 1801 1181 1862 sedin
1210 1801 1408 1861 omnis
1431 1801 1783 1864 nobilitatis
1796 1814 1861 1861 et
1880 1803 2110 1864 civium
2123 1800 2326 1863 odium
2343 1796 2764 1861 exacerbavit.
2795 1796 2948 1861 Vide

751 1898 1030 1962 Sallustii
1080 1902 1223 1977 Jug.
1292 1920 1350 1961 c.
1403 1901 1508 1963 64.
1552 1903 1963 1965 Severitatem
1999 1902 2166 1964 enim
2204 1919 2500 1963 summam
2544 1899 2796 1983 (quippe
2842 1899 2947 1978 qui

751 1994 1071 2057 Lucullum
1109 1994 1338 2056 sororis
1358 2015 1482 2066 suae
1506 1997 1709 2059 virum
1731 2018 1845 2081 pro
1863 1998 2081 2060 rostris
2092 1999 2344 2060 laudare
2367 1995 2766 2070 recusaverit,
2787 1996 2949 2076 quod

753 2090 810 2153 is
835 2091 1318 2173 repetundarum
1332 2093 1657 2156 damnatus
1678 2106 1838 2170 erat,
1864 2113 2042 2157 soror
2064 2110 2266 2157 autem
2290 2097 2452 2158 male
2472 2093 2782 2170 audiebat,
2807 2091 2943 2155 Cic.

753 2192 939 2254 Verr.
966 2193 1078 2265 IV,
1104 2190 1206 2273 66)
1224 2190 1532 2270 elegantia
1549 2191 1873 2256 literarum
1887 2195 2092 2270 tinxit,
2118 2215 2267 2277 quas
2284 2194 2336 2256 si
2357 2214 2490 2258 non-
2512 2194 2730 2255 multas
2748 2211 2945 2273 neque

757 2291 1168 2355 Ciceroniano
1196 2311 1369 2356 more
1398 2294 1604 2357 varias
1624 2295 1897 2373 tenebat,
1928 2309 2135 2358 tamen
2162 2289 2428 2360 Romani
2454 2295 2644 2357 moris
2670 2295 2951 2356 tenacior

758 2402 826 2450 et
850 2388 1151 2452 bonarum
1182 2390 1410 2454 artium
1451 2412 1660 2455 amore
1691 2394 1884 2457 cuivis
1926 2395 2252 2477 aequalium
2310 2415 2427 2477 par
2467 2392 2682 2456 vocari
2721 2392 2942 2474 potuit.

758 2487 915 2549 Nam
944 2487 1193 2550 Archiae
1232 2488 1652 2554 familiaritate
1680 2512 1853 2554 usum
1888 2493 2020 2555 Cic.
2054 2494 2180 2556 Pro
2211 2493 2407 2555 Arch.
2448 2512 2508 2553 c.
2545 2493 2580 2553 3
2609 2490 2751 2555 coll.
2784 2491 2944 2572 Epp.

760 2588 841 2648 ad
880 2589 1013 2650 Att.
1064 2588 1119 2662 1,
1166 2587 1268 2663 16,
1316 2602 1380 2651 et
1404 2589 1493 2651 ib.
1539 2594 1828 2667 Ernesto,
1875 2590 2214 2657 Carneadis
2254 2591 2383 2674 jam
2418 2591 2582 2654 senis
2610 2589 2950 2653 auditorem

758 2687 924 2748 idem
959 2688 1055 2749 De
1083 2699 1244 2749 orat.
1285 2690 1428 2765 111,
1487 2689 1590 2767 18,
1634 2692 1934 2769 ostendit3
1982 2692 2207 2753 AElium
2255 2691 2554 2755 Stilonem
2592 2689 2948 2769 magistrum

761 2783 950 2844 etiam
969 2785 1175 2846 exsilii
1203 2785 1487 2849 comitem
1512 2788 1731 2852 habuit
1767 2788 1975 2871 (Suet.
2008 2791 2104 2852 De
2124 2790 2217 2852 ill.
2251 2809 2511 2870 gramm.
2560 2810 2617 2852 c.
2656 2788 2755 2874 3).
2795 2788 2951 2850 Inde

760 2882 1031 2964 iniquius
1058 2882 1428 2948 Ciceronem
1456 2888 1637 2948 Brut.
1670 2908 1728 2950 c.
1750 2882 1828 2953 35
1855 2885 2158 2969 judicasse
2195 2901 2395 2970 putes,
2431 2907 2573 2949 cum
2601 2907 2638 2948 a
2665 2884 2905 2950 Velleio
2929 2929 2947 2958 ,

762 2984 850 3058 11,
888 2982 992 3061 10,
1017 2984 1186 3049 inter
1210 2999 1488 3051 oratores
1513 3003 1896 3064 numeretur,
1930 3002 2113 3070 atque
2142 2992 2221 3053 A.
2242 2987 2446 3054 Gellio
2491 2991 2572 3061 V,
2604 2991 2665 3063 ὃς
2696 2988 2805 3059 vl,
2841 2987 2947 3047 11.

763 3100 891 3143 non
920 3084 1131 3161 gravis
1154 3087 1357 3162 modo,
1402 3087 1512 3148 sed
1531 3086 1719 3152 etiam
1746 3084 2008 3148 disertus
2033 3087 2135 3150 vir
2164 3086 2428 3148 dicatur.
2456 3088 2709 3147 Lectum
2751 3096 2952 3146 autem

768 3194 833 3244 et
871 3183 1183 3247 laudatum
1225 3186 1400 3268 hujus
1430 3188 1705 3252 auctoris
1753 3201 2032 3270 tempore
2072 3208 2199 3251 non
2229 3201 2323 3249 est
2365 3187 2614 3249 mirum.
2668 3186 2774 3250 Sic
2812 3206 2950 3249 cum

761 3279 1079 3362 Scipione,
1128 3285 1363 3347 Catone
1403 3296 1469 3347 et
1492 3285 1801 3350 Gracchis
1826 3286 2012 3348 etiam
2040 3283 2344 3348 Frontoni
2370 3300 2691 3367 acceptum
2725 3298 2791 3347 et
2814 3285 2951 3346 imi·

763 3381 998 3445 tatione
1043 3380 1297 3463 dignum
1324 3387 1522 3447 visum
1564 3386 1983 3459 Numidicum,
2017 3405 2092 3447 ex
2118 3383 2286 3448 illius
2310 3388 2469 3468 Epp.
2528 3386 2607 3446 ad
2633 3386 2720 3447 M.
2752 3385 2949 3450 Gaesa-

764 3496 902 3540 rem
943 3480 1026 3553 11,
1072 3481 1135 3557 1,
1172 3502 1237 3563 p.
1289 3482 1370 3543 46
1408 3483 1510 3546 ed.
1550 3483 1755 3547 Berol.
1822 3481 1920 3564 (1,
1964 3483 2028 3557 6,
2075 3503 2139 3563 p.
2180 3482 2255 3545 15
2299 3484 2397 3545 ed.
2431 3484 2658 3558 Rom.)
2694 3481 2951 3543 manife-

765 3585 927 3635 stum
955 3588 1067 3636 est.

849 3673 1102 3737 Factum
1141 3677 1288 3739 inde
1305 3727 1323 3756 ,
1361 3681 1522 3760 quod
1559 3682 1707 3743 satis
1733 3682 1986 3745 idoneas
2014 3683 2366 3746 orationum
2388 3678 2675 3760 reliquias
2704 3690 2956 3741 exstare

767 3773 1120 3838 videmusn.
1152 3770 1343 3865 [vsr.
1366 3799 1432 3862 p.
1470 3779 1796 3867 135-138.]
1830 3783 1925 3843 Ex
1964 3783 2251 3864 Epistolis
2278 3784 2355 3846 ad
2385 3782 2502 3847 Cn·
2545 3799 2610 3846 et
2639 3779 2711 3842 L.
2744 3780 2956 3843 Domi·

765 3873 909 3951 iios,
944 3891 1200 3955 quorum
1235 3878 1395 3940 alter
1421 3898 1558 3940 cum
1582 3879 1656 3941 L.
1693 3879 1926 3953 Cassio,
1970 3881 2130 3941 alter
2153 3901 2290 3942 cum
2318 3879 2392 3944 C.
2424 3880 2611 3943 Caelio
2640 3880 2785 3944 Cos.
2814 3877 2946 3951 fuit,

769 3988 806 4028 a
824 3970 1029 4035 Gellio
1056 3973 1376 4055 particulae
1404 3978 1676 4058 quaedam
1698 3975 2042 4038 afferuntur
2069 3979 2208 4052 XV,
2254 3977 2365 4056 133
2401 3978 2583 4040 XVII
2593 4026 2611 4054 ,
2645 3978 2710 4040 2.

857 4069 956 4131 35.
1003 4074 1113 4136 His
1141 4073 1557 4156 adjungantur
1593 4073 1749 4139 viris
1783 4076 1852 4134 C.
1878 4088 1941 4136 et
1973 4076 2045 4135 L.
2084 4078 2379 4138 Memmii
2399 4078 2637 4140 fratres.
2675 4079 2754 4139 Et
2778 4073 2956 4138 Lucii

770 4166 1012 4247 quidem
1070 4173 1382 4253 pertenuis
1432 4175 1749 4246 memoria.
1807 4175 1964 4238 Nam
2011 4188 2237 4256 praeter
2292 4176 2457 4239 locos
2507 4173 2953 4239 Ciceronianus
