3367 5417
1447 467 1576 538 331

419 609 460 670 J
465 606 574 669 ulii
607 607 869 670 Caesaris
894 604 1284 689 expeditione
1331 606 1630 670 Africana
1657 607 1962 669 exercitui
1988 620 2259 687 proeerat
2283 606 2614 688 proconsul

418 708 515 789 (V.
550 704 793 769 Hirtius
810 706 1071 769 Debell.
1100 707 1234 770 Afr.
1264 727 1320 770 c.
1357 707 1483 789 80),
1508 707 1745 769 arctius
1767 706 1909 769 dein
1935 707 2188 788 juncms
2214 710 2482 786 Augusto
2501 727 2519 766 ε
2541 726 2603 768 v.

413 803 589 866 Suet.
624 807 784 881 Aug.
818 821 878 864 c.
906 803 1011 865 56.
1034 802 1336 866 Veneficii
1355 822 1463 865 reo
1484 802 1721 884 objecit
1745 803 1989 867 Cassius
2013 802 2280 866 Severus
2297 816 2617 866 accusator
2664 764 2710 840 2
2725 768 2749 839 Ῑ
2765 764 2811 838 3

418 903 612 985 (Suet.
651 907 814 983 Aug.
862 923 922 966 c.
979 900 1087 989 56)
1116 950 1133 980 ,
1184 923 1325 969 eum
1359 923 1603 967 veneno
1650 905 1917 985 triginta
1956 917 2021 968 et
2047 916 2297 967 centum
2324 901 2620 966 convivas

421 1023 673 1067 necasse
698 1025 716 1065 ε
743 1025 806 1067 v.
837 1004 1004 1072 Plin.
1028 1005 1110 1065 Η.
1143 1007 1223 1067 Ν.
1256 1004 1517 1080 XXXV,
1564 1007 1664 1079 12,
1710 1020 1869 1068 extr.
2472 1041 2475 1050 ·

503 1098 772 1183 Quintil.
803 1103 888 1175 X,
920 1104 978 1174 1,
1012 1101 1117 1164 232
1143 1103 1303 1165 lund
1326 1100 1741 1176 utilissimum,
1766 1121 1945 1165 nosse
1967 1121 2073 1165 ess
2097 1120 2337 1175 causas,
2357 1118 2625 1182 quarum

422 1200 737 1263 orationes
757 1202 823 1263 in
850 1222 1069 1263 manus
1095 1201 1556 1284 sumpserimus,
1589 1216 1654 1267 et
1678 1202 1919 1284 quoties
1934 1198 2278 1281 continget,
2305 1200 2623 1281 utrimque

423 1301 665 1363 habitas
685 1303 892 1382 legere
919 1299 1222 1373 actiones,
1252 1318 1320 1366 ut
1351 1305 1788 1369 Demosthenis
1815 1318 2000 1383 atque
2030 1300 2338 1365 AEschinis
2360 1302 2530 1363 iuter
2553 1320 2620 1362 se

420 1395 766 1460 contrarias
791 1412 856 1461 et
875 1398 1053 1461 Serv.
1080 1397 1338 1482 Sulpicii
1370 1415 1559 1482 atque
1585 1401 1881 1474 Messalae,
1918 1411 1985 1461 et
2004 1397 2312 1459 Polliones
2330 1413 2392 1458 et
2424 1398 2624 1458 Cassii

420 1516 529 1556 reo
565 1498 933 1574 Asprenate,
963 1494 1239 1579 aliasque
1263 1500 1584 1580 plurimas.
1618 1533 1706 1548 -
1733 1498 2071 1562 Exordium
2097 1493 2399 1560 orationis
2423 1494 2621 1560 Cassii

418 1595 753 1656 etiamnum
778 1610 1000 1658 exstat.

504 1694 568 1755 4.
617 1694 791 1757 Dixit
819 1696 1071 1760 Asinius
1101 1700 1169 1759 in
1213 1699 1337 1761 alia
1365 1699 1556 1761 etiam
1595 1696 1885 1762 veneficii
1930 1717 2140 1770 causa,
2185 1715 2296 1758 reo
2338 1694 2615 1765 Moscho,

420 1793 802 1870 Pergameno
830 1793 1103 1856 rhetore.
1138 1796 1216 1858 ln
1236 1796 1452 1859 eadem
1479 1795 1589 1857 lite
1607 1796 1739 1876 egit
1755 1792 2020 1857 Manlius
2046 1796 2413 1875 Torquatus,
2434 1813 2617 1875 quem

423 1893 714 1955 Horatius
741 1895 937 1976 Epist.
975 1897 1028 1970 1,
1052 1898 1114 1971 5,
1139 1898 1219 1957 ad
1242 1917 1483 1960 coenam
1507 1897 1803 1969 invitans,
1829 1908 2040 1959 mouet
2066 1916 2131 1957 v.
2167 1898 2232 1968 8,
2259 1899 2319 1960 9.

773 2059 938 2114 Mitte
969 2062 1101 2115 leves
1125 2079 1243 2132 spes
1268 2070 1321 2115 ct
1347 2061 1632 2116 certamina
1652 2062 1974 2124 deseviat-um,

769 2148 824 2192 ct
862 2141 1069 2194 Moschi
1089 2161 1317 2208 eausam,

413 2292 494 2354 ad
532 2311 716 2372 quem
744 2293 948 2356 locum
975 2291 1329 2377 Porphyrio
1346 2320 1365 2355 z
1404 2294 1538 2370 Ηίσ,
1587 2294 1817 2377 inquit,
1846 2296 2270 2375 Pergamenus
2294 2291 2500 2354 rhetor
2515 2314 2618 2354 no-

413 2394 707 2464 tissimus,
753 2412 892 2452 reus
912 2392 1364 2473 venefictt‘fuit,
1404 2389 1864 2474 cujuscausam
1890 2413 1978 2455 ex
2003 2398 2225 2475 primis
2255 2407 2394 2452 tunc
2424 2407 2623 2454 oratos

417 2510 519 2551 res
539 2505 812 2571 egerunt,
859 2490 1202 2574 Torquatus
1235 2490 1362 2565 hic,
1402 2493 1478 2551 de
1503 2515 1628 2576 quo
1657 2515 1813 2553 nunc
1850 2507 2034 2571 poeta
2061 2495 2237 2568 dicit,
2270 2507 2333 2552 ee
2357 2494 2621 2553 Asinius

424 2587 644 2648 Pollio.

477 2771 966 2837 causam-egerunt]
1004 2782 1163 2817 causa
1191 2776 1332 2816 certe
1351 2775 1473 2816 ante
1500 2781 1696 2824 annum
1724 2763 1846 2826 707,
1873 2779 1981 2831 quo
2012 2762 2312 2831 Torquatus
2344 2760 2401 2812 in
2430 2760 2621 2831 Hispa-

549 2846 641 2897 nia
683 2864 806 2897 cum
850 2844 1098 2918 Scipione
1137 2844 1344 2898 interiit
1363 2881 1381 2905 ,
1441 2857 1557 2897 acta
1601 2857 1702 2898 est.
1756 2842 1890 2894 Vide
1929 2843 2255 2912 Torquatum
2310 2853 2570 2895 oratorem
2595 2879 2616 2904 ,

555 2949 611 3001 p.
641 2931 767 2982 219.

498 3097 560 3157 5.
611 3095 891 3160 Tertium
922 3093 1039 3157 suit
1079 3094 1280 3159 Asinii
1306 3093 1727 3177 patrocinium
1763 3094 1830 3155 in
1872 3111 2059 3157 causa
2106 3089 2440 3154 veneficii:
2472 3110 2617 3153 nam

415 3194 689 3259 defendit
733 3196 1203 3275 Apollodomm,
1249 3193 1431 3278 hujus
1475 3193 1760 3259 criminis
1798 3213 1998 3256 reum.
2036 3192 2180 3254 Fuit
2216 3190 2620 3275 Apollodorus

414 3294 632 3359 itidem
644 3297 1066 3376 Pergamenus
1078 3301 1320 3374 rhetor,
1343 3310 1693 3380 proeceptor
1710 3296 1972 3377 Augusti
1994 3294 2184 3378 (Suet.
2213 3295 2374 3373 Aug.
2400 3311 2463 3355 c.
2487 3292 2614 3376 89),

417 3398 571 3459 artis
623 3397 954 3461 rhetoricae
996 3402 1268 3482 scriptor
1306 3399 1751 3463 celeberrimus
1802 3394 2095 3484 (Quintil.
2140 3395 2255 3470 ΠΙ,
2306 3396 2364 3470 12
2422 3395 2553 3479 17),
2582 3413 2619 3455 ἃ

419 3493 594 3575 cujus
622 3514 761 3556 cum
781 3494 1106 3558 Theodoro
1132 3496 1447 3568 Gadareo,
1481 3494 1778 3576 mag-istro
1808 3491 2071 3567 Tiberii,
2111 3492 2387 3556 dissensu
2406 3510 2621 3566 mana·

415 3609 565 3657 runt
613 3605 797 3658 sectoe
848 3596 1398 3673 Apouodomorum
1446 3608 1513 3658 et
1575 3594 2093 3656 Theodoreorum.
2163 3592 2619 3655 Condemnatus

416 3692 827 3775 Apollodorus
851 3691 1182 3754 Massiliam
1204 3691 1477 3767 secessit,
1502 3691 1715 3773 ibique
1734 3692 1943 3754 docuit
1967 3689 2212 3775 (Senec.
2239 3689 2285 3751 l.
2318 3709 2367 3750 n
2388 3686 2607 3752 Contr.

417 3811 558 3865 xm,
593 3810 656 3872 p.
685 3790 859 3874 202),
894 3807 1154 3871 eumque
1180 3788 1351 3851 inter
1376 3800 1666 3873 μακροβίους
1689 3802 1976 3851 recenset
2010 3783 2359 3863 Lucianus,
2394 3805 2455 3847 c.
2500 3784 2616 3847 23.

502 3887 727 3951 Senec.
762 3886 1066 3952 Controv.
1103 3887 1191 3960 Π,
1228 3886 1330 3961 13,
1375 3908 1440 3970 p.
1476 3885 1598 3950 202
1636 3906 1655 3947 ε
1688 3880 1846 3948 Novi
1876 3885 2326 3948 declamatores
2346 3896 2412 3945 et
2435 3883 2612 3946 Pota-

416 4002 564 4046 mon
586 4003 727 4047 cum
751 3984 1147 4066 Apollodoro,
1180 3982 1288 4065 qui
1311 4002 1457 4047 reus
1475 3981 1765 4045 veneficii
1789 3979 1907 4044 suit
1933 3996 1998 4044 et
2023 4002 2061 4045 ι
2096 3981 2372 4047 Pollione
2396 3978 2613 4044 Asinio

416 4084 727 4160 defensus,
758 4084 1082 4146 damnatus
1116 4079 1402 4144 Massiliae
1441 4079 1673 4157 docuit,
1721 4094 1786 4143 et
1831 4081 1993 4145 hanc
2021 4083 2416 4166 questionem
2452 4077 2610 4141 feee-

413 4195 562 4244 runt
587 4178 655 4244 in
671 4182 792 4244 hac
821 4177 1273 4255 controversia,
1308 4201 1389 4244 an
1419 4178 1588 4243 inter
1611 4175 1782 4241 viros
1808 4191 1875 4242 et
1889 4171 2111 4244 uxores
2135 4180 2279 4244 data
2296 4176 2611 4244 beneficia

418 4279 652 4358 ingrati
678 4280 815 4359 lege
853 4289 1204 4340 teneantur.
