3367 5417
0 445 22 614 ,ε-’··*“
0 393 16 428 Τ

670 552 808 633 218

647 4008 787 4083 219

1996 423 2003 430 ,
2160 403 2168 412 .
2340 377 2369 412 4

1709 534 1719 541 ,
1957 435 2093 511 336
2166 481 2171 486 -

1004 603 1097 637 sna
1125 584 1247 648 fuit,
1279 595 1353 635 vt
1369 584 1556 640 'modu
1562 563 1704 648 dixi,
1738 582 1911 636 Pollio
1936 579 2338 654 grammaticus,
2373 571 2537 662 cnjus
2560 571 2805 642 fibellum
2834 585 2948 655 πιρὶ
2973 594 3065 638 τῶν

1003 667 1142 739 παρὰ
1166 668 1375 741 γράψαι
1393 670 1798 739 ἁμαρτανομένων
1827 665 2020 720 Suidaa
2037 665 2222 719 laudat
2239 685 2295 722 v.
2320 664 2454 718 Πωλῖ
2439 685 2520 716 ιων
2539 665 2571 721 ἢ
2583 666 2787 719 Πυλίων.
2806 663 3068 724 Eumdem

1005 756 1116 808 sive
1133 753 1296 807 alium
1323 755 1599 825 quemdam
1623 754 2019 827 grammaticum
2046 751 2278 825 respexit
2308 751 2584 805 Charisius
2615 771 2671 824 p.
2705 753 2810 805 64.
2839 753 2986 806 Puer
3010 764 3065 807 et

1003 857 1054 890 m
1062 836 1318 907 feminino
1334 855 1464 889 sexu
1488 836 1703 908 antique
1718 835 1951 890 dicebant
1968 844 2031 887 uc
2063 834 2245 890 Groecae
2260 838 2283 887 ὁ
2308 838 2447 898 παῖς,
2465 848 2519 887 et
2533 836 2575 904 Ιὴ
2592 838 2727 899 παῖς,
2748 843 2811 888 ut
2839 836 2891 887 in
2908 833 3070 892 Nelei

1001 920 1221 973 car-mim
1247 920 1588 992 eoqueprt‘sco
1613 921 1802 973 Saucia
1828 938 1963 992 puer
1989 918 2100 972 filia
2125 936 2348 981 sumam,
2391 916 2487 968 ube
2502 931 2669 971 tamen
2699 920 2865 971 Varro
2889 940 3058 992 puera

987 1014 1158 1079 putat
1182 1007 1400 1067 dcl-tum,
1430 1008 1527 1059 sed
1552 1008 1737 1059 AEtms
1772 1005 1933 1067 Stilo,
1965 1004 2213 1078 magister
2253 1007 2389 1078 ejus,
2425 1011 2479 1056 et
2521 1006 2742 1060 Asinius
2765 1014 2966 1060 contra.
2992 1039 3057 1049 —-

1000 1093 1261 1158 Pollione,
1282 1094 1618 1165 grammatico
1641 1091 1852 1156 Latino,
1880 1112 2012 1145 usus
2029 1104 2113 1145 est
2126 1091 2338 1144 Mai-cua
2356 1092 2667 1145 Antoninus
2676 1091 3057 1166 philosophus:

997 1200 1049 1233 v.
1072 1177 1189 1233 Jnl.
1210 1179 1498 1253 Capitolin.
1524 1181 1581 1232 in
1604 1180 1679 1233 Η.
1708 1182 1837 1232 Ant.
1862 1179 2065 1252 philos.
2086 1198 2135 1232 c.
2158 1181 2212 1231 2.

943 1312 1212 1397 Quintil.
1250 1314 1361 1390 IX,
1392 1315 1457 1390 4,
1493 1316 1613 1377 76:
1659 1312 1908 1378 Senarii
1934 1311 2139 1377 minua
2184 1324 2331 1376 sunt
2380 1312 2705 1388 notabiles,
2757 1314 2901 1394 quia
2944 1317 3059 1377 hoc

855 1431 1047 1494 genus
1074 1413 1349 1473 sermoni
1377 1412 1724 1494 proximum
1753 1422 1868 1473 ωε.
1902 1411 2118 1494 ltaque
2145 1422 2209 1473 et
2231 1427 2447 1472 versus
2474 1409 2541 1470 hi
2583 1409 2725 1472 sere·
2742 1411 3061 1486 excidunt,

855 1529 1009 1590 quos
1034 1510 1261 1570 Brutus
1281 1509 1414 1591 ipso
1452 1507 1870 1590 componendi
1897 1507 2098 1570 studio
2126 1508 2347 1571 ductus
2371 1504 2705 1588 saepissime
2732 1506 2906 1581 facit,
2944 1529 3064 1569 non

855 1631 1000 1671 raro
1021 1609 1303 1684 Asinius,
1329 1611 1436 1673 sed
1466 1610 1655 1672 etiam
1683 1605 1909 1672 Cicero
1938 1628 2400 1689 nonnunquam.

935 1712 1028 1772 Id.
1063 1712 1123 1788 Ι,
1155 1713 1221 1789 8,
1265 1711 1381 1772 102
1412 1710 1645 1774 Summi
1670 1723 1953 1772 oratores
1980 1722 2268 1772 veterum
2296 1721 2583 1791 poemata
2623 1708 2726 1770 vel
2753 1709 2835 1769 ad
2879 1707 3061 1771 fidem

856 1828 1180 1871 cansarum
1220 1808 1322 1870 vel
1350 1808 1428 1870 ad
1461 1820 1909 1870 ornamentum
1938 1806 2308 1888 eloquentiae
2351 1816 2688 1868 assumunt.
2729 1805 2888 1867 Nam
2914 1825 3060 1888 prae-

854 1909 1033 1991 cipue
1058 1909 1306 1991 quidem
1335 1909 1500 1992 apud
1518 1907 1918 1982 Ciceronem,
1952 1909 2318 1988 frequenter
2341 1918 2553 1967 tamen
2581 1906 2743 1987 apud
2772 1906 3059 1965 Asinium

852 2006 1042 2069 etiam
1059 2019 1123 2067 et
1152 2019 1419 2079 ceteros,
1453 2002 1560 2086 qui
1587 2017 1733 2066 sunt
1762 2003 2056 2086 proximi,
2085 2002 2355 2066 vidimus
2372 2003 2560 2079 Enni,
2588 2001 2764 2074 Acci,
2798 2002 3053 2077 Pacuvi,

850 2104 1077 2177 Lucili,
1112 2103 1393 2177 Terenti,
1423 2102 1632 2166 Caecili
1666 2114 1731 2163 et
1756 2097 2024 2164 aliorum
2049 2101 2245 2164 inseri
2273 2120 2489 2163 versus
2507 2120 2744 2164 summa
2765 2120 2896 2163 non
2912 2120 3052 2162 eru·

853 2200 1106 2261 ditionis
1132 2201 1312 2262 modo
1341 2199 1568 2278 gratia,
1602 2200 1709 2262 sed
1738 2197 1927 2260 etiam
1948 2194 2379 2278 jucunditatis.

934 2300 1105 2363 Plin.
1142 2302 1257 2382 Ep.
1290 2302 1397 2373 Vl,
1429 2301 1533 2375 29,
1569 2302 1633 2376 5,
1666 2299 1889 2362 scribit
1922 2322 1938 2359 ε
1971 2301 2096 2362 Sed
2132 2311 2197 2361 et
2222 2299 2405 2373 illud,
2443 2300 2608 2380 quod
2632 2298 2730 2360 vel
2756 2298 3057 2362 Pollionis

851 2400 956 2462 vel
983 2411 1277 2483 tanquam
1320 2399 1621 2464 Pollionis
1647 2400 1884 2482 accepi,
1928 2396 2315 2462 verissimum
2348 2400 2682 2483 experior:
2721 2399 3059 2460 Commode

847 2500 1082 2580 agendo
1089 2501 1345 2581 fficium
1365 2514 1480 2570 est,
1506 2514 1569 2558 ut
1595 2519 1764 2577 scepe
1781 2519 2032 2578 agerem
2052 2524 2073 2557 .-
2105 2519 2276 2579 soepe
2302 2501 2563 2580 agendo,
2589 2515 2652 2559 ue
2677 2504 2872 2559 minus
2893 2520 3062 2562 com-

848 2598 1056 2660 mode.

1230 2784 1699 2856 LXXXVIII.
1757 2783 1840 2854 L.
1898 2779 2197 2852 Manlius
2248 2780 2671 2877 Torquatus.

937 2994 1000 3053 ls
1045 3004 1159 3069 est,
1195 2995 1272 3053 ad
1298 3011 1481 3074 quem
1524 2988 1822 3052 Horatius
1851 2992 2115 3053 Carmen
2144 2992 2177 3052 7
2202 2988 2353 3053 libri
2393 2993 2506 3063 lv,
2556 3003 2622 3052 et
2648 2990 2985 3074 Epistolam
3010 2995 3047 3054 5

843 3092 992 3156 libri
1021 3095 1049 3154 1
1082 3093 1349 3176 scripsit,
1385 3094 1451 3155 in
1482 3115 1600 3176 qua
1620 3093 1879 3173 legimus
1912 3115 1928 3153 :

1161 3241 1324 3294 Mitte
1344 3242 1475 3294 leves
1492 3259 1608 3312 spes
1623 3246 1677 3293 et
1703 3238 1986 3293 certamimz
2003 3231 2242 3292 divitiam
2248 3258 2315 3300 m,

1172 3329 1223 3380 E
1223 3335 1249 3380 t
1272 3326 1478 3380 Moschi
1491 3345 1724 3380 causam.

841 3467 940 3528 Ad
980 3486 1121 3530 eum
1164 3465 1369 3528 locum
1407 3466 1475 3528 in
1513 3467 1813 3527 Auctario
1860 3463 2382 3527 commentatoris
2419 3465 2651 3527 veteris
2688 3484 2726 3526 a
2776 3464 3046 3546 Cruquio

840 3563 994 3626 editi
1033 3564 1485 3645 Lugduni-Bat-
1536 3564 1695 3628 1597
1744 3582 1808 3645 p.
1841 3561 1962 3627 692
2015 3563 2145 3625 hoee
2181 3557 2502 3623 adnotatio
2553 3560 2830 3643 pertinet
2862 3584 2881 3624 z
2914 3562 3045 3622 Mo-

838 3663 1017 3725 sebas
1045 3663 1146 3724 hic
1185 3663 1609 3744 Pergamenus
1629 3660 1977 3742 rhetor-fh&
2004 3664 2376 3735 notissimus,
2417 3679 2562 3720 reus
2588 3659 3047 3742 veneficiifuit,

837 3761 1020 3847 cujus
1060 3784 1313 3825 causam
1354 3765 1673 3841 exprimit.
1716 3762 1889 3821 Hanc
1930 3774 2206 3821 oratores
2243 3751 2497 3840 egerunt
2541 3758 2891 3846 Torquatus
2920 3760 3042 3835 hic,

836 3868 914 3925 de
954 3887 1072 3950 quo
1109 3886 1266 3925 nunc
1293 3865 1455 3940 dicit,
1491 3861 1666 3951 cujus
1703 3877 1906 3924 exstat
1937 3867 2160 3936 oratio,
2186 3876 2246 3920 ee
2275 3862 2536 3923 Asinius
2554 3860 2784 3923 Pollio.

926 3966 1303 4047 Torquatum
1324 3979 1617 4048 nepotem
1646 3963 1779 4048 ejus
1796 3982 1951 4042 esse,
1986 3982 2106 4044 quo
2140 3961 2393 4024 consule
2423 3959 2716 4025 Horatius
2745 3976 2938 4025 natus
2957 3976 3048 4025 est

844 4063 1046 4146 (a.U
1054 4063 1287 4150 .,688)
1333 4064 1695 4129 Sanadonus
1748 4060 1925 4138 dicit,
1979 4060 2406 4125 Thorbeckius
2444 4075 2650 4126 autem
2685 4063 2785 4124 De
2828 4060 3043 4125 Asinio

835 4165 1114 4229 Pollione
1156 4188 1219 4249 p.
1256 4167 1331 4229 71
1368 4168 1747 4248 Torquatum
1790 4161 1985 4226 filium
2025 4161 2196 4224 illius
2226 4163 2522 4246 appellat,
2558 4182 2864 4246 quemque
2891 4163 3039 4224 adeo

835 4263 1131 4326 Horatius
1181 4285 1358 4324 snum
1409 4263 1650 4326 vocarit
1703 4263 1897 4344 Epod.
1959 4280 2091 4334 xm,
2148 4261 2183 4322 6
2220 4258 2417 4342 (male
2470 4261 2919 4341 interpretatum
2943 4269 3037 4321 eat
