3367 5417
1764 489 1882 538 xlv

722 607 1316 706 persequentibus
1374 606 1798 703 eloquentiae
1869 607 2207 680 Romanae
2269 602 2633 680 historiam
2699 605 2933 677 incre-

724 746 964 806 menta
1009 728 1209 804 simul
1238 746 1313 804 et
1349 729 1600 802 florem
1644 729 1801 825 ejus
1847 743 2059 826 atque
2096 729 2462 800 interitum
2503 751 2933 822 cognoscere

725 853 994 928 licebit.

818 979 900 1050 In
932 1000 1149 1073 opere
1190 989 1422 1047 autem
1461 971 1892 1050 elaborando
1922 972 2218 1046 multum
2247 972 2575 1071 profuere
2609 971 2933 1046 Annales

725 1101 977 1198 Pighii,
1026 1098 1419 1174 immortale
1446 1124 1647 1198 opus,
1691 1115 1771 1172 et
1803 1099 2134 1178 Ellendtii
2160 1100 2470 1174 Historia
2503 1099 2933 1202 eloquentiae

730 1232 1099 1315 Romanae,
1138 1227 1442 1304 editioni
1474 1228 1673 1302 Bruti
1707 1229 2109 1325 praeposita,
2162 1229 2284 1327 qui
2320 1252 2570 1302 omnes
2609 1242 2928 1302 oratores

720 1378 948 1451 usque
1001 1353 1093 1428 ad
1150 1352 1458 1450 Augusti
1525 1353 1897 1449 imperium
1962 1352 2240 1428 erudite
2296 1353 2764 1450 persequitur.
2819 1353 2930 1422 De

722 1479 936 1549 tertia
968 1475 1132 1548 libri
1153 1476 1290 1550 mei
1324 1490 1547 1573 parte,
1583 1474 1675 1550 de
1703 1477 1899 1550 novis
1939 1474 2343 1550 oratoribus
2379 1474 2541 1548 inde
2572 1474 2664 1548 ab
2694 1475 2932 1572 Augu-

718 1616 831 1674 sto
891 1624 1117 1699 usque
1166 1598 1258 1670 ad
1309 1599 1776 1672 remotissima
1825 1612 2140 1698 tempora
2171 1596 2442 1671 Aurelii
2495 1596 2924 1695 Symmachi,

717 1722 902 1798 nihil
948 1722 1179 1795 adhuc
1226 1722 1319 1798 ab
1359 1719 1512 1796 aliis
1561 1737 2022 1796 memoratum
2075 1724 2336 1794 iuveni.
2401 1720 2697 1796 Librum
2742 1722 2930 1793 enim

718 1849 1025 1922 Andreae
1055 1847 1338 1918 Schotti
1371 1845 1461 1920 de
1512 1845 1721 1920 claris
1750 1844 1936 1944 apud
1971 1847 2311 1919 Senecam
2354 1846 2762 1920 rhetoribus
2787 1901 2808 1938 ,
2858 1848 2930 1924 in

720 1997 864 2070 quo
921 1967 1146 2046 multa
1207 1983 1279 2040 et
1334 1967 1522 2042 bona
1571 1967 1792 2042 latere
1846 1986 2045 2065 puto,
2102 1961 2434 2044 nancisci
2483 1993 2629 2044 non
2689 1972 2923 2070 potui.

716 2090 1016 2192 [Neque
1056 2092 1127 2162 in
1157 2090 1381 2186 Regia
1421 2087 1858 2166 Bibliotheca
1908 2091 2294 2190 servatur.]
2331 2092 2434 2164 Ex
2467 2094 2690 2188 Bruto
2720 2092 2926 2168 Cice-

713 2219 913 2291 ronis
955 2215 1330 2318 plurimum
1378 2215 1555 2288 lucis
1595 2217 1956 2290 attulimus
2001 2218 2085 2289 ad
2138 2218 2739 2314 cognoscendum,
2800 2224 2925 2324 qui

713 2348 846 2418 sint
891 2359 1213 2419 oratores
1249 2344 1518 2441 antiqui
1551 2359 1624 2414 et
1658 2344 1912 2433 medii,
1967 2369 2048 2416 ac
2101 2345 2288 2443 quali
2325 2347 2627 2444 quisque
2670 2371 2919 2420 eorum

710 2492 970 2566 genere
999 2466 1281 2542 dicendi
1318 2467 1409 2539 sit
1436 2491 1629 2540 usus.
1683 2470 1792 2540 De
1834 2470 2041 2541 novis
2090 2485 2324 2541 autem
2359 2470 2764 2544 oratoribus
2797 2473 2921 2545 Se·

710 2618 886 2666 neca
924 2608 1130 2691 pater
1153 2608 1228 2665 et
1250 2591 1727 2685 Quintilianus
1746 2591 1909 2665 fons
1936 2609 2044 2665 est
2075 2593 2501 2689 uberrimus.
2539 2596 2924 2669 Oratorum

706 2718 1351 2817 antiquissimorum
1376 2716 1716 2815 pleraque
1744 2716 2136 2814 fragmenta
2164 2743 2202 2791 a
2235 2715 2498 2807 Gellio,
2524 2720 2917 2807 MacrobiO,

707 2843 1099 2928 Frontone,
1141 2843 1353 2916 Festo
1387 2857 1605 2940 atque
1647 2842 1879 2914 Nonio
1915 2856 1989 2918 et
2020 2841 2384 2913 Prisciano
2413 2859 2694 2918 servata
2723 2860 2918 2936 sunt,

704 2982 776 3039 et
810 2968 1126 3066 quamvis
1162 2967 1335 3039 alias
1378 2966 1843 3065 grammatici,
1885 2980 1964 3036 ut
2006 2965 2281 3037 Nonius
2312 2989 2395 3037 ac
2431 2968 2716 3056 Festus,
2771 2993 2919 3041 non

707 3089 1001 3163 multam
1030 3089 1309 3163 laudem
1339 3091 1678 3162 doctrinae
1709 3103 1784 3161 et
1812 3088 2238 3161 eruditionis
2270 3092 2500 3162 meriti
2531 3091 2699 3181 sint,
2731 3095 2801 3164 in
2834 3118 2917 3166 eo

705 3234 936 3292 tamen
984 3241 1344 3317 nunquam
1393 3241 1541 3289 non
1604 3240 1731 3289 eos
1787 3215 2218 3314 praedicabo‚
2259 3218 2452 3314 quod
2509 3222 2915 3293 memoriam

705 3340 1099 3414 multorum
1149 3339 1581 3435 scriptorum
1627 3355 2188 3426 conservarunt,
2243 3341 2584 3440 quodque
2626 3345 2777 3417 sine
2817 3346 2917 3419 eis

705 3471 1074 3544 maximam
1110 3481 1382 3568 partem
1415 3464 1780 3538 literarum
1818 3466 2280 3539 oratoriarum
2317 3482 2388 3540 et
2426 3467 2916 3545 historicarum

706 3594 898 3690 apud
935 3595 1293 3670 Romanos
1327 3590 1531 3691 plane
1572 3594 2085 3692 ignoraremus.
2116 3592 2266 3667 Nec
2298 3594 2516 3667 credo
2557 3591 2709 3670 fore
2743 3593 2916 3667 mul-

705 3734 819 3791 tos
846 3719 969 3817 qui
988 3720 1352 3805 mirentur,
1387 3745 1516 3792 cur
1543 3717 1982 3794 orationibus
2009 3719 2104 3791 ab
2125 3721 2543 3793 auctoribus
2566 3721 2909 3809 historiae,

708 3839 1066 3930 Sallustio,
1094 3842 1315 3931 Livio,
1362 3841 1637 3929 Tacito,
1676 3843 2049 3940 DionysiO,
2088 3840 2421 3937 Polybio,
2474 3843 2735 3933 Dione,
2770 3846 2915 3944 Ap-

706 3970 914 4065 piano
944 3965 1413 4044 illustrissimo
1460 3969 1715 4067 cuique
1770 3970 2036 4041 oratori
2093 3968 2361 4042 traditis
2411 3967 2671 4042 nullam
2716 3996 2912 4069 paene

702 4092 1193 4174 auctoritatem
1239 4089 1624 4166 tribuerim.
1674 4095 1970 4165 Veteres
2018 4094 2200 4165 enim
2253 4119 2462 4192 quam
2506 4112 2906 4170 nostrorum
