3367 5417
1878 479 2017 554 246

1443 745 1557 789 PRO
1585 745 1653 789 ΒΕ
1682 745 1918 787 courlu
1949 739 2333 790 mucimus.

868 933 1046 999 Dixit
1069 931 1261 999 etiam
1282 955 1403 1016 pro
1430 954 1499 996 se
1524 949 1736 997 contra
1758 932 2139 1015 publicanos,
2169 943 2240 993 ut
2267 951 2346 996 ex
2366 928 2547 1008 Livio
2573 927 2995 1011 cognoscimus

784 1037 952 1120 Epit.
978 1036 1150 1100 Lxx
1167 1062 1185 1098 ε
1210 1062 1242 1096 ι
1267 1038 1340 1100 Ρ.
1365 1037 1656 1112 Rutilius,
1678 1035 1782 1101 vir
1807 1054 2058 1100 summae
2083 1033 2474 1108 innocentiae,
2504 1031 2802 1114 quonium
2829 1032 2990 1111 lega·

781 1149 885 1198 tus
911 1135 993 1220 Q.
1017 1134 1211 1198 Mucii
1236 1135 1622 1219 proconsulis
1659 1158 1702 1196 a
1734 1134 2206 1215 publicanorum
2235 1127 2484 1216 injuriis
2517 1130 2751 1191 Asiam
2789 1130 2993 1211 defen·

786 1237 999 1314 deme,
1035 1234 1273 1301 invisus
1298 1235 1570 1320 equestri
1597 1237 1838 1315 ordini,
1879 1255 2073 1321 penes
2098 1254 2281 1317 quem
2301 1232 2537 1315 judicia
2564 1244 2781 1306 erant,
2813 1250 2991 1313 repe·

783 1336 1120 1398 tundarum
1147 1337 1476 1399 damnatus
1497 1335 1566 1397 in
1593 1334 1877 1398 exsilium
1907 1332 2125 1397 missus
2152 1346 2266 1396 est.
2301 1358 2331 1392 n
2352 1330 2531 1397 Coni.
2554 1327 2690 1395 Cic.
2710 1330 2809 1393 De
2828 1341 2986 1393 orat.
3022 1382 3031 1392 .

787 1432 844 1508 1,
874 1430 981 1507 53,
1007 1431 1154 1495 229.

813 1619 820 1628 .
854 1597 955 1651 pro
977 1585 1056 1647 se]
1074 1598 1235 1635 ceusu
1251 1578 1395 1634 cedit
1410 1597 1462 1634 ι.
1477 1581 1546 1634 U.
1564 1581 1690 1634 680.
1712 1581 1784 1633 V.
1805 1577 2043 1634 Ellendt.
2063 1598 2124 1652 p.
2144 1581 2211 1634 38
2240 1596 2322 1650 sq.

1323 1781 1660 1856 xxxvl.
1717 1785 1812 1877 Q.
1854 1780 2096 1857 AEuus
2123 1733 2449 1854 Tebero.

871 1996 1082 2063 Cicer.
1109 2000 1288 2062 Brut.
1320 2019 1381 2062 c.
1409 1999 1515 2077 31,
1552 2000 1671 2064 117
1699 2021 1835 2084 sqq.
1858 2022 1879 2062 t
1914 2026 1943 2057 ι
1965 1999 2047 2084 Q.
2082 1996 2276 2062 AElius
2293 1996 2544 2061 Tubero
2568 1993 2687 2059 fuit
2711 1995 2820 2062 illo
2844 2008 2992 2060 tem-

787 2115 964 2182 pore,
996 2101 1071 2163 L.
1092 2098 1297 2164 Paulli
1328 2120 1541 2184 nepos,
1575 2101 1749 2165 nullo
1776 2100 1845 2163 in
1871 2115 2192 2166 oratorum
2220 2115 2504 2176 numero,
2530 2098 2642 2161 sed
2668 2094 2804 2161 vita
2826 2118 2993 2161 seve·

787 2221 898 2263 rus
925 2215 991 2263 et
1017 2221 1368 2280 congruens
1398 2223 1541 2265 cum
1569 2223 1645 2268 ea
1672 2200 2030 2287 disciplina,
2065 2221 2249 2284 quam
2280 2199 2559 2275 colebat;
2590 2199 2775 2285 paulo
2804 2200 2993 2264 aiam

598 2282 731 2358 133
786 2300 1022 2364 durior.
1057 2294 1267 2388 [Cous.
1290 2303 1416 2366 Pro
1446 2305 1693 2368 Muren.
1719 2324 1777 2367 c.
1808 2305 1915 2369 36.
1939 2303 2156 2367 Valet.
2191 2302 2358 2365 Max.
2379 2303 2529 2377 Vll,
2562 2302 2624 2377 5,
2656 2303 2716 2363 1.
2749 2296 2987 2388 West.]

782 2401 908 2465 Sed
936 2414 1006 2464 ut
1028 2400 1183 2477 vite,
1211 2399 1304 2465 sic
1329 2403 1616 2468 oratione
1642 2406 1860 2482 durus,
1888 2401 2182 2480 incultus„
2206 2398 2525 2466 horridus.
2559 2405 2780 2484 ltaque
2801 2403 2994 2465 hono·

785 2501 961 2565 ribus
986 2501 1296 2586 majorum
1319 2506 1702 2588 respondere
1730 2527 1857 2571 non
1881 2503 2107 2589 potuit.
2130 2502 2276 2566 Fuit
2295 2514 2501 2565 autem
2522 2516 2816 2567 constans
2839 2502 2997 2567 civis

785 2610 854 2660 et
877 2597 1058 2662 fortis
1083 2611 1151 2662 et
1176 2602 1245 2663 in
1272 2600 1492 2688 primis
1515 2601 1806 2668 Graccho
1833 2602 2151 2676 molestus,
2171 2599 2334 2683 quod
2362 2596 2603 2663 indicat
2618 2595 2893 2662 Gracchi
2920 2600 2992 2662 in

785 2713 929 2761 enm
952 2699 1178 2765 oratio.
1210 2701 1364 2763 Sunt
1389 2707 1587 2763 etiam
1608 2706 1674 2762 in
1691 2701 2039 2764 Gracchum
2063 2698 2422 2764 Tuberonis.
2450 2699 2511 2761 Is
2531 2698 2646 2762 fuit
2665 2698 2993 2762 mediocris

784 2794 854 2859 in
867 2796 1170 2875 dicendo,
1183 2798 1576 2864 doctissimus
1599 2800 1673 2866 in
1692 2800 2086 2886 disputando.
2101 2799 2364 2888 »Eidem
2380 2798 2722 2872 Tuberoni,
2749 2797 2990 2860 Africa·

786 2913 936 2958 num
959 2897 1336 2962 avunculum
1355 2897 1660 2977 laudanti,
1683 2898 1938 2982 scripsit
1956 2896 2178 2961 Laelius
2195 2897 2615 2962 laudationem
2636 2895 2987 2970 funebrem,

784 3002 858 3054 nt
879 3012 958 3054 ex
975 2989 1282 3059 Cicerone
1301 2995 1398 3058 De
1419 3008 1583 3060 orat.
1606 2998 1693 3074 11,
1716 2995 1822 3074 84,
1847 2996 1964 3061 341
1991 3009 2186 3079 patet.

1245 3200 1620 3276 XXXVII.
1678 3201 1766 3274 C.
1806 3200 2232 3277 Scribonius
2263 3202 2524 3278 Curio.

868 3406 1007 3471 Cic.
1035 3409 1213 3471 Brut.
1241 3430 1300 3476 c.
1329 3407 1435 3484 32,
1466 3407 1588 3470 122
1608 3428 1783 3491 sqq-z
1814 3408 1894 3474 C.
1915 3409 2106 3474 Curio
2138 3409 2260 3472 fuit
2292 3408 2567 3493 ejusdem
2597 3402 2801 3470 aetutis
2835 3405 2987 3482 fere,

785 3528 936 3572 sane
964 3505 1226 3572 illustris
1252 3519 1491 3585 orator,
1518 3505 1695 3591 cujus
1720 3508 1797 3571 de
1825 3507 2078 3591 ingenio
2104 3529 2191 3570 ex
2217 3508 2603 3571 orationibus
2621 3502 2759 3590 ejus
2772 3506 2988 3592 ,existi-

784 3608 948 3670 mari
988 3619 1215 3691 potest.
1266 3607 1428 3672 Sunt
1465 3609 1635 3670 euim
1673 3622 1738 3668 ec
1772 3608 1924 3670 alioe
1961 3622 2025 3669 ee
2053 3628 2172 3688 pro
2208 3609 2353 3670 Ser.
2395 3606 2611 3668 Fulvio
2649 3605 2729 3665 de
2766 3609 2991 3665 incesto

785 3703 1003 3765 nobilis
1030 3709 1250 3768 oratio.
1277 3703 1472 3769 Nobis
1499 3705 1748 3789 quidem
1772 3704 1988 3792 pueris
2013 3706 2149 3770 haec
2171 3705 2444 3769 omnium
2468 3703 2707 3787 optima
2732 3701 2991 3785 putaba-

787 3812 916 3876 tur,
946 3823 1082 3884 quae
1104 3800 1211 3867 vix
1231 3802 1365 3885 jam
1389 3816 1714 3888 comparet
1750 3804 1820 3867 in
1854 3806 1977 3868 huc
2016 3803 2207 3867 turbu
2247 3822 2551 3882 novorum
2580 3801 2986 3865 voluminum.
3030 3810 3035 3815 ’

786 3897 979 3982 Atqui
1014 3901 1147 3964 haec
1183 3901 1261 3960 de
1299 3905 1531 3964 incestu
1557 3900 1807 3964 laudata
1834 3905 2032 3962 oratio
2061 3901 2316 3984 puerilis
2342 3914 2436 3966 est
2461 3900 2618 3966 locis
2644 3897 2882 3973 multis,
2914 3898 2991 3961 de

787 4015 1022 4075 umore,
1053 3998 1134 4076 dp
1162 3999 1519 4077 tormentis,
1550 4000 1630 4062 de
1657 4017 1908 4066 rumore
1934 3997 2059 4061 loci
2086 4018 2238 4063 sane
2263 3999 2517 4073 inanoe,
2562 4010 2989 4063 verumtamen

787 4102 1066 4162 nondum
1091 4097 1262 4163 tritis
1296 4115 1652 4167 nostmrum
1675 4101 1998 4164 hominum
2026 4100 2285 4165 auribus
2309 4121 2431 4165 nec
2458 4099 2709 4166 erudita
2736 4098 2988 4163 civitate

787 4196 1226 4262 tolerabiles...
1273 4197 1539 4283 Scripsit
1560 4200 1751 4263 etiam
1779 4195 1906 4263 alia
1936 4201 2268 4273 nonnulla,
2312 4212 2379 4264 et
2415 4198 2608 4263 multa
2642 4198 2801 4263 dixit
2824 4208 2888 4261 et
2914 4195 2993 4258 il-

785 4291 1032 4373 lustria,
1064 4309 1129 4361 et
1154 4297 1223 4362 in
1250 4317 1508 4368 numero
1535 4313 1939 4384 patronorum
1962 4299 2100 4365 tuit.
