3367 5417
1856 416 1945 486 76

796 574 923 618 non
965 554 1036 616 L.
1076 554 1367 617 Crassum
1408 554 1519 616 sed
1557 553 1641 612 M.
1689 552 1982 615 Crassum
2021 550 2419 614 triumvirum
2463 558 2529 609 et
2574 549 2661 609 Μ.
2703 548 3010 613 Catonem

798 654 1160 722 Uticensem
1181 648 1414 715 notari.
1445 652 1605 716 Num
1622 669 1826 730 neque
1852 652 1931 713 de
1953 649 2145 713 claris
2169 650 2240 711 in
2267 647 2626 710 universum
2646 644 3014 711 oratoribus

801 751 1124 827 Romanis,
1173 752 1285 816 sed
1329 752 1408 814 de
1452 746 1778 818 Ciceronis
1802 748 2139 831 equalibus
2163 748 2300 827 egi,
2346 759 2413 812 et
2447 746 2521 810 L.
2557 746 2873 818 Crassum,
2917 747 3006 810 M.

802 853 1177 928 Antonium,
1224 854 1298 916 P.
1322 851 1665 935 Sulpicium
1691 851 1820 918 alio
1843 851 1985 916 loco
2008 846 2132 933 (11,
2163 849 2231 932 9)
2260 848 2414 914 satis
2437 866 2571 912 esse
2594 846 2898 911 laudatos.
2949 850 3013 910 ls

798 954 1010 1034 igitur,
1036 952 1146 1036 qui
1174 954 1282 1018 hio
1305 965 1670 1019 recensetur
1694 972 1838 1015 cum
1864 952 2006 1018 eliis
2025 951 2358 1035 Sulpicius,
2375 948 2862 1033 jurisconsultus
2887 962 3007 1024 est,

800 1065 866 1116 et
888 1052 1044 1115 illud
1073 1070 1338 1136 saneque
1364 1051 1468 1114 M.
1500 1051 1793 1112 Crassum
1827 1052 1895 1114 id
1928 1050 2131 1131 ipsum
2158 1045 2503 1128 significet,
2549 1044 2757 1126 aliqua
2790 1046 3010 1110 saltem

798 1151 980 1214 laude
1001 1148 1285 1231 dignum,
1308 1169 1661 1233 quenquam
1682 1169 1810 1214 non
1828 1149 1895 1213 in
1915 1146 2306 1233 principibus
2323 1147 2534 1211 suerit.
2559 1146 2658 1209 De
2678 1147 2767 1209 M.
2783 1146 3010 1211 Crasso

801 1247 946 1310 vide
963 1248 1100 1314 Cic.
1124 1249 1300 1310 Brut.
1324 1266 1385 1310 c.
1409 1250 1608 1312 66.-
1624 1248 1803 1312 Inter
1823 1246 2087 1310 lascivos
2106 1257 2321 1327 poetes
2338 1255 2622 1308 nostrum
2643 1263 2787 1308 cum
2803 1244 3017 1306 multis

802 1359 1093 1411 recenset
1110 1345 1351 1411 Plinius
1367 1347 1614 1429 Epp.V‚
1637 1347 1702 1421 3,
1728 1350 1792 1420 53
1811 1345 1999 1411 ovid.
2013 1343 2206 1408 Trist.
2229 1345 2330 1418 11,
2351 1342 2501 1406 441.

890 1447 996 1509 58.
1042 1443 1200 1509 Cum
1237 1444 1544 1510 Cicerone
1582 1443 1776 1510 etiem
1811 1440 1973 1511 vixit
2009 1441 2193 1505 annis
2230 1441 2445 1504 decem
2485 1440 2589 1504 vel
2625 1449 2767 1502 octo
2806 1439 3016 1503 minor

800 1543 909 1604 M.
946 1543 1211 1605 Calidius
1237 1544 1323 1625 Q.
1347 1544 1431 1605 F.
1477 1544 1542 1608 Is
1568 1553 1665 1605 est
1687 1542 1771 1626 Q.
1796 1541 2076 1608 Calidius
2110 1539 2289 1623 cujus
2321 1537 2645 1619 rogatione
2683 1536 3015 1601 tribunitia
3055 1557 3060 1562 ·

801 1644 1087 1710 Metellus
1114 1643 1479 1708 Numidicus
1501 1640 1572 1704 in
1601 1637 1926 1705 civitatem
1953 1654 2049 1704 est
2073 1638 2421 1704 restitutus.
2465 1635 2642 1700 conf.
2675 1638 2906 1700 Asson.
2935 1638 3018 1699 ad

804 1740 1061 1805 verrin.
1088 1741 1147 1816 1,
1178 1740 1279 1804 1¹3.
1310 1738 1590 1808 Calidius
1617 1749 1835 1801 orator
1861 1737 2152 1820 praemio
2174 1748 2375 1819 patre,
2401 1736 2512 1800 sed
2530 1735 3014 1814 repetundarum

803 1842 1098 1906 damnato
1139 1854 1320 1905 nutus
1356 1853 1625 1921 quaestor
1662 1839 1854 1904 fuisse
1890 1834 2100 1901 videri
2140 1849 2347 1919 potest
2378 1854 2547 1900 anno
2584 1836 2703 1899 687
2727 1835 2829 1897 vel
2851 1835 3016 1910 686,
2994 1859 3012 1874 ·

803 1937 1096 2004 tribuum
1124 1937 1325 2019 plebis
1353 1956 1417 1999 a.
1444 1937 1595 2002 692.
1629 1936 1787 2000 Νιιιιι
1812 1945 2040 2016 praetor
2069 1955 2146 2001 eo
2181 1953 2348 2000 anno
2377 1932 2515 2004 fuit.
2539 1952 2662 2012 quo
2682 1915 2767 1994 Μ.
2791 1931 3018 2000 Ciceno

799 2034 1150 2108 restitutus,
1193 2033 1269 2094 P.
1295 2029 1585 2102 Lentulo,
1613 2029 1699 2113 Q.
1739 2027 1992 2094 Metello
2020 2027 2193 2094 Coss.
2225 2030 2426 2113 (696);
2454 2047 2577 2110 qun
2603 2030 2681 2092 de
2710 2048 2782 2092 re
2807 2028 2934 2091 ob
2913 2050 3016 2092 m·

802 2131 1008 2212 signin
1044 2133 1126 2196 de
1160 2149 1272 2194 suo
1308 2131 1549 2196 honore
1583 2130 1811 2194 merita
1846 2128 2068 2194 Cicero
2101 2130 2299 2194 variis
2332 2129 2488 2194 locis
2524 2126 3020 2212 splendidissime

804 2230 1038 2309 gratim
1064 2227 1220 2306 egit.
1253 2227 1387 2289 Nec
1415 2238 1719 2307 praeterea
1746 2225 2082 2308 quidquam
2106 2227 2186 2290 de
2214 2226 2402 2289 rebus
2432 2224 2617 2336 hujus
2637 2225 2788 2301 viri,
2824 2241 2894 2291 ut
2920 2228 3014 2292 vi-

807 2325 1017 2401 detur,
1049 2343 1179 2390 non
1206 2321 1413 2386 minus
1438 2323 1801 2402 integritate
1828 2342 2017 2404 quam
2054 2324 2408 2404 eloquentia
2445 2322 2730 2403 insignis,
2770 2305 3016 2405 accepi-

766 2491 775 2497 ,
807 2444 965 2500 mus,
980 2437 1394 2506 praeterquam
1413 2425 1577 2505 quod
1593 2425 1761 2490 hello
1779 2425 1954 2489 civili
1973 2426 2258 2508 partibus
2270 2425 2641 2490 Caesarianis
2661 2428 3018 2501 accesserit,

805 2534 872 2584 et
899 2542 937 2584 a
957 2522 1031 2586 C.
1056 2522 1225 2590 sulio
1252 2521 1479 2588 Gauiae
1499 2520 1832 2605 Cisalpinoe
1859 2522 2185 2607 pmieetus
2207 2522 2546 2587 Placentina
2565 2522 2730 2586 diem
2759 2523 3011 2589 obierit.

809 2620 968 2684 Vide
994 2621 1154 2686 Caes.
1179 2622 1256 2687 Β.
1279 2623 1422 2686 Civ.
1447 2623 1503 2697 1,
1531 2621 1596 2697 2,
1625 2622 1856 2688 Euseb.
1876 2622 2115 2686 Chron.
2140 2624 2220 2684 ad
2252 2642 2314 2684 a.
2346 2621 2509 2687 1960
2533 2646 2552 2683 e
2585 2621 2750 2686 conl.
2773 2624 3011 2704 Scalig.

692 2765 699 2768 -
806 2742 872 2802 p.
900 2720 1046 2796 143,
1084 2741 1269 2803 quem
1310 2721 1543 2788 nollem
1584 2720 1689 2784 hic
1731 2734 1798 2784 et
1842 2722 1923 2786 nd
1965 2742 2026 2784 a.
2060 2720 2217 2786 1953
2250 2721 2592 2795 dubitasse,
2624 2721 2894 2784 &tadum
2934 2743 3018 2786 un

812 2817 1116 2878 callidius
1139 2818 1539 2884 scribendum
1574 2814 1679 2882 sit.
1725 2816 2072 2899 Eloquendi
2102 2830 2546 2900 praeceptorem
2574 2816 3015 2900 Apollodorum

809 2912 1035 2976 habuit
1069 2915 1525 2995 Pergamenum
1539 2962 1559 2990 ‚
1606 2916 1716 2997 qui
1757 2915 1926 2982 idem
1970 2918 2314 2995 Augustum
2355 2915 2665 2980 Censorem
2708 2916 3018 2991 erudivit3

810 3020 1074 3073 testatur
1115 3012 1412 3076 Eusebius
1449 3011 1705 3076 ibidem.
1754 3012 1970 3093 Neque
2008 3011 2324 3096 abjectum
2363 3011 2535 3074 inter
2572 3024 2852 3076 oratores
2890 3013 3021 3096 ejus

807 3109 993 3176 fuisse
1018 3128 1246 3178 nomen
1274 3115 1503 3178 scimus
1537 3133 1616 3176 ex
1652 3112 1790 3178 Cic.
1829 3115 2008 3175 Brut.
2046 3133 2107 3176 c.
2134 3114 2236 3189 79,
2276 3111 2383 3188 80,
2423 3116 2530 3195 qui
2569 3112 2912 3195 perfectum
2951 3115 3019 3178 in

809 3209 1076 3275 dicendo
1092 3253 1113 3285 ,
1143 3224 1404 3288 ornatu,
1436 3210 1681 3293 eloquio
1696 3252 1715 3282 ‚
1746 3222 1923 3289 gestu
1947 3212 2297 3291 elegantem
2323 3211 2722 3295 pronuntiat,
2753 3232 2872 3274 nec
2897 3210 3020 3274 nisi

811 3311 1207 3378 vehementia
1235 3310 1512 3380 caruisse
1548 3314 1740 3375 dolet.
1789 3312 1948 3375 Cum
1985 3314 2106 3378 hoc
2141 3313 2377 3396 judicio
2403 3312 2835 3397 Quintilianus
2873 3316 3022 3380 licet

811 3414 1173 3477 conseratur
1195 3412 1308 3489 XJ,
1338 3411 1575 3487 3‚123,
1607 3424 1676 3475 et
1690 3413 1838 3490 ΧΠ,
1861 3413 1963 3487 10,
1987 3413 2091 3477 39.
2125 3412 2449 3477 Ciceronis
2483 3415 2753 3479 amicum
2792 3429 2859 3479 et
2892 3417 3023 3500 ejus

812 3510 1061 3575 dicendi
1095 3512 1314 3591 generi
1349 3522 1416 3575 et
1452 3510 1674 3576 studiis
1698 3511 1978 3576 deditum
2006 3509 2191 3578 fuisse
2221 3512 2633 3593 colligendum
2662 3513 2912 3576 videtur
2943 3536 3024 3578 ex

808 3606 1084 3688 ejusdem
1109 3608 1330 3692 Quint.
1359 3606 1747 3682 testimonio,
1793 3607 1897 3688 qui
1937 3627 2080 3674 eum
2117 3625 2318 3692 μιλιτῆς
2342 3609 2550 3693 gratia
2571 3630 2686 3688 pro
2714 3612 2894 3670 domo
2918 3609 3024 3674 Ci-

813 3704 1060 3765 ceronis
1087 3705 1311 3769 dixisse
1335 3716 1632 3784 testatur3
1665 3719 1733 3769 et
1758 3705 1878 3768 hoc
1904 3707 2112 3772 senior
2137 3704 2288 3772 fecit
2321 3718 2389 3767 et
2415 3708 2759 3787 praetorius.
2793 3701 2900 3794 [V.
2933 3709 3015 3772 fr.

813 3819 878 3881 p.
905 3799 1030 3864 200
1047 3821 1141 3883 sq.
1146 3799 1489 3889 ]Exempla
1519 3817 1727 3868 autem
1746 3802 2123 3886 Quintiliani
2151 3806 2475 3887 desumpta
2501 3819 2649 3869 sunt
2665 3827 2742 3869 ex
2765 3802 3016 3872 actione

811 3893 881 3959 in
899 3897 982 4012 Q:
1007 3897 1283 3964 Gallium
1309 3900 1713 3972 nobilissima,
1746 3902 1825 3963 de
1849 3921 1975 3982 qua
2002 3914 2213 3966 tamen
2240 3902 2407 3965 hand
2430 3904 2765 3976 mediocris
2785 3918 2884 3968 est
2904 3907 3020 3968 dis·

811 3998 1016 4062 sensio
1054 4011 1120 4063 et
1159 4000 1559 4066 incertitudo.
1614 4005 1777 4065 Nam
1812 3999 2250 4065 Ciceronienoe
2291 4003 2664 4070 defensionis
2701 4006 2876 4068 locus
2914 4007 3018 4088 qui

812 4101 965 4162 adeo
990 4101 1229 4184 placuit
1254 4134 1621 4189 τιχνογραφοις,
1641 4115 1714 4165 ut
1731 4102 1909 4167 varie
1930 4101 2065 4184 ejus
2087 4102 2441 4169 testimonio
2467 4117 2822 4181 uterentur,
2851 4108 3023 4170 velut

812 4197 1038 4282 Aquila
1056 4205 1237 4269 Rom.
1262 4225 1328 4287 p.
1354 4204 1467 4267 144
1486 4207 1586 4268 ed.
1608 4205 1862 4270 Ruhnk.
1884 4220 1943 4268 et
1963 4204 2336 4270 Severianus
2358 4226 2421 4288 p.
2440 4205 2561 4269 338
2584 4207 2684 4270 ed.
2713 4206 3012 4292 Capper„
