3367 5417
1735 489 1800 534 vt

657 624 743 674 ex
768 597 1239 697 recognitione
1260 623 1414 674 mea
1419 604 1997 699 fragmentorum
2027 603 2414 687 Cicer-oms,
2438 623 2650 701 quam
2679 622 2868 702 post-

656 745 743 798 ea.
776 744 939 794 eum
977 720 1245 798 Orelli«)
1280 736 1560 812 nostro,
1600 724 1755 796 viro
1800 721 2217 812 clarissimo,
2248 723 2548 800 editioni
2572 725 2728 824 ejtts
2753 728 2869 804 in·

654 847 1051 936 serendam,
1095 850 1633 930 communicavi.
1668 851 1788 928 Sic
1822 851 2109 930 tandem
2135 849 2465 926 collectio
2501 869 2864 932 oratorum

656 969 1189 1069 qualiscumque
1221 988 1384 1055 nata
1404 987 1543 1061 est,
1574 997 1799 1071 eaque
1831 974 2050 1070 prima
2079 989 2229 1064 est3
2267 976 2458 1073 quod
2486 976 2649 1058 ideo
2675 1002 2867 1075 pra}-

657 1100 847 1183 dieo,
904 1100 1095 1196 quod
1133 1102 1434 1198 primum
1467 1102 1807 1201 quodque
1851 1102 2247 1200 periculum
2299 1104 2570 1182 facilius
2597 1107 2671 1184 in
2700 1132 2865 1180 omn

658 1246 738 1293 re
791 1223 1063 1304 veniam
1124 1237 1337 1320 atque
1386 1223 1896 1319 indulgentiam
1953 1227 2332 1322 impetrare
2393 1226 2631 1308 debet.
2694 1231 2871 1306 Nam

662 1366 919 1446 praeter
946 1350 1242 1434 Catonis
1279 1355 1667 1443 orationes,
1710 1379 1888 1451 quas
1917 1355 2290 1432 Ausonius
2319 1359 2581 1454 Popma
2615 1358 2874 1434 Franc-

658 1499 900 1573 querae
948 1501 1136 1552 anno
1180 1479 1366 1552 1620
1410 1477 1628 1560 edidit
1674 1494 1748 1560 et
1790 1477 1967 1562 Lion
2004 1501 2232 1575 nuper
2272 1477 2635 1575 Gottingae
2679 1478 2864 1554 1826

656 1604 970 1686 secure*
1002 1604 1311 1699 repetiit,
1362 1619 1595 1678 cetera
1630 1603 2029 1698 fragmenta
2079 1628 2445 1703 nunquam
2482 1629 2716 1703 usque
2751 1606 2874 1690 ad-

659 1722 804 1796 huc
828 1738 1013 1796 -sunt
1046 1737 1408 1816 congesta.
1445 1724 1895 1821 Quamquam
1927 1739 2166 1798 autem
2195 1727 2298 1796 Μ.
2350 1726 2648 1800 Porcius
2685 1726 2864 1800 Cato

656 1848 1027 1934 maximam
1058 1846 1193 1920 sibi
1225 1844 1522 1941 gloriam
1557 1848 1747 1918 inter
1773 1863 2098 1922 oratores
2120 1850 2436 1944 priorum
2463 1849 2865 1926 seculorum

657 1975 1077 2072 peperisset,
1134 1973 1314 2054 adeo
1372 1988 1451 2048 ut
1499 1974 1808 2069 optimus
1860 1988 2128 2060 orator,
2185 1974 2492 2069 optimus
2553 1991 2866 2063 senator,

656 2103 975 2199 optimus
1017 2103 1403 2199 imperator
1443 2102 1960 2187 nominaretur,
1993 2101 2418 2176 exstiterunt
2447 2117 2686 2176 tamen
2721 2105 2867 2199 jam

652 2244 820 2304 ante
850 2252 1010 2300 eum
1043 2225 1250 2310 multi
1271 2226 1432 2313 viri,
1466 2248 1767 2324 quorum
1801 2227 2164 2300 orationes
2198 2228 2405 2300 etiam
2438 2241 2647 2302 aetate
2685 2229 2866 2310 Livii

652 2356 1104 2454 legebantur,
1150 2371 1225 2428 et
1268 2356 1456 2428 inter
1503 2352 1808 2452 aequales
1854 2370 2047 2430 tanta
2082 2353 2462 2428 illustrium
2503 2371 2864 2430 oratorum

658 2480 861 2577 copia
886 2477 1043 2567 fuit,
1074 2492 1154 2548 ut
1176 2475 1265 2550 ad
1295 2477 1772 2572 cognitionem
1799 2478 2394 2573 praestantissimae
2422 2478 2644 2574 partis
2673 2479 2863 2554 Lati-

656 2630 913 2690 narum
961 2604 1319 2684 literarum
1352 2604 1742 2701 fragmenta
1769 2627 2017 2680 eorum
2055 2628 2196 2678 non
2254 2605 2531 2702 possint
2576 2621 2868 2703 praeter-

660 2735 862 2818 mitti.
915 2735 1228 2812 Fuerunt
1262 2756 1517 2808 revera
1555 2732 1746 2830 apud
1795 2734 2160 2808 Romanos
2199 2730 2485 2828 plurimi
2514 2748 2859 2822 oratores,

658 2876 733 2933 et
760 2885 848 2932 ex
880 2859 1022 2944 hoe
1052 2857 1413 2944 literarum
1440 2882 1698 2954 genere
1738 2857 1962 2930 multo
1993 2855 2194 2954 plura
2221 2855 2616 2932 edebantur
2649 2884 2865 2957 opera

658 3009 865 3089 quam
894 3016 983 3066 ex
1021 2989 1336 3088 reliquis.
1379 2990 1714 3061 Novimus
1742 2989 1930 3062 enim
1957 3003 2248 3062 centum
2287 3004 2360 3061 et
2390 2989 2628 3083 viginti
2657 2990 2860 3084 quin-

658 3137 796 3213 que
842 3129 1194 3202 oratore5‚
1238 3113 1357 3211 qui
1401 3111 1762 3194 orationes
1803 3112 2105 3208 scriptas
2141 3109 2619 3208 reliquerunt,
2665 3108 2862 3206 isque

658 3262 1004 3326 numerus
1022 3238 1220 3314 facile
1245 3235 1582 3332 duplicari
1603 3253 1869 3334 posset,
1894 3238 1955 3309 si
1974 3234 2135 3307 libri
2152 3235 2574 3331 superstites
2594 3251 2861 3322 essent,

659 3364 782 3462 qui
830 3360 1201 3436 historiam
1231 3356 1590 3446 literarum
1625 3374 1746 3452 aut
1790 3359 1963 3430 artis
2013 3356 2343 3429 oratoriae
2388 3356 2673 3454 proprie
2724 3371 2862 3427 tra-

659 3486 976 3564 etabant.
1010 3485 1161 3580 Ego
1188 3505 1473 3581 quoque
1508 3481 1747 3579 plures
1775 3505 2145 3554 recensere
2175 3482 2588 3577 potuissem,
2624 3482 2682 3552 si
2702 3505 2865 3552 con·

650 3611 949 3705 jecturae
981 3608 1203 3705 magis
1235 3629 1441 3704 quam
1476 3604 1877 3678 auctoritati
1904 3602 2259 3680 confidere
2290 3603 2691 3689 voluissem,
2736 3601 2859 3672 sed

664 3733 846 3829 elegi
877 3756 1005 3806 eos
1038 3751 1337 3818 tantum,
1371 3756 1672 3829 qnorum
1709 3733 1797 3806 de
1838 3729 2278 3805 orationibus
2311 3743 2507 3800 certa
2539 3741 2860 3798 veterum

669 3869 1065 3943 testimonia
1082 3867 1476 3942 exstabant.
1508 3868 1734 3941 Omisi
1759 3870 1971 3964 igitur
1997 3889 2199 3962 paene
2224 3864 2487 3936 invitus
2504 3864 2852 3938 Caesarem

740 4085 764 4108 '⁵
794 4087 927 4140 Vide
953 4103 1224 4140 censuram
1252 4105 1417 4141 meam
1451 4088 1503 4140 in
1534 4084 1708 4138 Jahnii
1729 4082 1886 4135 Novis
1911 4081 2183 4137 annalibus
2215 4083 2376 4145 1831,
2406 4082 2584 4135 fascic.
2618 4100 2690 4144 tv,
2720 4097 2843 4149 pag.

670 4163 777 4232 416
800 4181 914 4234 sqq.
