3367 5417
1458 485 1547 529 xv

404 605 799 688 temporum
830 584 1145 666 historici
1188 595 1402 689 longe
1446 596 1631 668 aliud
1673 613 2085 693 spectantes
2115 599 2326 672 fidem
2370 598 2599 680 histo-

391 715 617 788 ricam
658 714 752 785 ab
795 718 1233 791 orationihus
1278 720 1529 793 abesse
1573 744 1784 817 posse
1824 719 2149 796 arbitrati
2195 739 2400 809 sunt,
2443 745 2604 798 eum

390 865 495 917 αθ
517 848 805 918 nonnisi
828 847 917 920 ad
935 865 1284 947 praeoepta
1299 851 1535 924 danda
1556 867 1680 923 aut
1709 851 1797 923 ad
1827 866 2049 926 artem
2083 855 2600 932 ostendendam

387 969 843 1052 inservirent.
889 970 1267 1048 Plutarcho
1305 999 1474 1047 vero
1517 972 1736 1072 paulo
1780 978 2114 1071 majorem
2159 979 2230 1050 in
2274 981 2605 1053 orationi·

388 1089 528 1163 bus
568 1091 661 1163 ab
703 1113 790 1164 eo
832 1091 1074 1169 relatis
1122 1094 1335 1168 fidem
1386 1095 1814 1169 tribuamus.
1859 1098 2097 1197 Atque
2148 1122 2404 1194 magna
2434 1124 2602 1176 cum

383 1212 754 1312 voluptate
793 1238 977 1312 opus
1016 1216 1365 1304 inchoavi,
1405 1217 1718 1315 undique
1746 1242 1836 1291 ex
1882 1219 2214 1294 munibus
2243 1199 2601 1320 scriptori·

385 1339 525 1412 bus
550 1341 939 1438 fragmenta
967 1342 1340 1442 colligens,
1392 1367 1556 1417 cum
1607 1344 1923 1442 quotidie
1959 1367 2340 1422 numerum
2365 1348 2596 1424 multo

382 1474 628 1567 augeri
674 1472 1015 1558 viderem,
1068 1491 1143 1545 et
1186 1473 1464 1571 judiciis
1520 1474 1610 1546 de
1660 1471 2072 1550 oratoribus
2107 1477 2478 1550 Ciceronis
2517 1495 2596 1550 et

381 1595 805 1688 Quintiliani
843 1595 1331 1692 comparandis
1361 1621 1524 1668 cum
1555 1597 1728 1693 ipsis
1763 1619 2013 1668 eorum
2036 1597 2351 1698 rehquiis
2381 1599 2595 1674 vehe-

381 1729 662 1792 menter
700 1745 853 1795 sum
902 1720 1205 1793 laetatus.
1254 1724 1462 1793 Nunc
1506 1744 1687 1793 nero
1741 1720 2072 1794 absoluto
2126 1727 2202 1795 et
2243 1723 2334 1796 ad
2377 1724 2596 1798 finem

380 1842 737 1939 perducto
790 1865 1007 1942 opere
1071 1843 1397 1940 gaudium
1468 1865 1692 1941 prope
1749 1843 1997 1916 dolore
2062 1862 2533 1942 commutatur
2569 1873 2598 1922 ι

378 1987 542 2037 cum
573 1968 764 2037 enim
793 1984 1035 2040 mente
1057 1969 1320 2064 cogito,
1359 1989 1575 2066 quam
1609 1969 1701 2042 sit
1736 1966 2016 2041 difficile
2043 1968 2377 2067 reliquias
2412 1969 2594 2044 laee-

374 2111 491 2162 ras
547 2093 968 2187 scriptorum
1023 2091 1550 2190 quodammodo
1608 2094 1992 2165 restituere
2053 2091 2589 2193 fingmentaque

373 2213 1088 2313 integrare,·etquam
1118 2215 1421 2287 multum
1449 2214 1632 2288 absit
1663 2231 1748 2287 ut
1778 2213 1942 2290 libri
1973 2231 2284 2304 veteres,
2320 2218 2388 2288 in
2421 2220 2582 2316 qui-

373 2336 514 2411 bus
562 2335 954 2435 fragmenta
993 2355 1354 2413 oratorum
1400 2341 1655 2429 latent,
1700 2341 1846 2413 sint
1893 2342 2313 2439 incorrupti,
2367 2357 2583 2440 atque

369 2468 660 2538 omnino
726 2467 795 2538 in
852 2467 1197 2564 ejusmodi
1236 2467 1746 2566 scriptionibus
1795 2489 1943 2541 non
2013 2469 2320 2567 amplius
2368 2474 2584 2568 quaeri

366 2601 613 2683 posse,
648 2587 817 2687 quid
837 2609 1084 2661 verum
1107 2591 1227 2675 sit,
1256 2592 1383 2664 sod
1415 2590 1483 2661 id
1505 2605 1808 2677 tantum,
1841 2590 2034 2688 quod
2063 2592 2154 2661 sit
2179 2589 2575 2687 probabile,
2615 2567 2620 2584 ¹

363 2714 595 2809 majus
644 2733 824 2811 opus
862 2729 937 2787 et
974 2716 1192 2812 magis
1232 2715 1528 2787 arduum
1568 2730 1861 2812 apparet
1891 2736 2079 2803 esse,
2130 2737 2343 2813 quam
2383 2716 2580 2813 prin-

363 2839 551 2935 cipio
579 2839 731 2912 fore
767 2841 1343 2928 existimaveram,
1386 2857 1461 2914 et
1489 2838 1699 2937 longe
1744 2859 1949 2911 secus
1983 2854 2192 2938 atque
2218 2841 2287 2911 in
2322 2842 2577 2914 oeta-is

361 2959 591 3034 rebus
617 2962 892 3035 initium
934 2965 1164 3060 operis
1184 2964 1579 3060 jucundum
1623 2964 2042 3059 laetumque,
2101 2962 2367 3035 exitum
2407 2981 2574 3037 vero

362 3086 852 3162 difficillimum
899 3114 1056 3162 esse
1094 3093 1352 3163 sentio.
1403 3087 1581 3162 Illud
1626 3091 1811 3163 enim
1854 3088 2168 3161 odiosum
2199 3106 2337 3176 est,
2375 3091 2570 3188 quod

362 3211 436 3283 in
470 3211 587 3283 tali
617 3236 697 3284 re
722 3238 885 3286 raro
917 3213 988 3287 in
1017 3220 1231 3286 certis
1265 3215 1694 3310 argumentis
1725 3213 2119 3300 innitimur,
2156 3236 2291 3285 nec
2319 3215 2571 3286 verita·

361 3351 509 3408 tem
539 3389 559 3423 ‚
597 3337 726 3409 sed
771 3341 1085 3436 speciem
1112 3355 1382 3412 tantum
1431 3340 1738 3412 veritatis
1787 3336 2158 3437 explorare
2206 3334 2568 3435 multaque

357 3457 756 3554 fragmenta
787 3465 922 3535 nisi
966 3463 1415 3536 divinationis
1458 3464 1865 3560 adjumento
1905 3464 2104 3535 nullo
2161 3461 2376 3534 modo
2417 3460 2567 3533 illu·

360 3599 597 3656 strare
649 3608 1053 3681 possumus.
1103 3589 1334 3680 Quam
1367 3589 1459 3659 sit
1491 3604 1730 3659 autem
1770 3612 1852 3661 ea
1887 3614 2002 3660 res
2051 3586 2352 3673 lubrica,
2396 3612 2567 3686 prae-

360 3704 547 3778 clare
574 3730 812 3805 nuper
847 3706 938 3779 G.
987 3709 1441 3780 Hei-mannus
1470 3709 1548 3779 in
1586 3711 2091 3782 Dissertatione
2128 3708 2218 3781 de
2249 3708 2564 3807 AEschyli

358 3829 706 3927 Lycurgia
733 3831 1050 3904 ostendit
1079 3858 1096 3902 ε
1143 3864 1173 3897 ι
1212 3835 1368 3903 Nec
1399 3843 1653 3904 temere
1688 3830 2185 3906 hariolantium
2213 3845 2320 3906 esc
2341 3836 2416 3906 in
2437 3860 2566 3906 an-

356 3953 705 4049 tiquitatis·
719 3954 1349 4055 pervestigatione,
1390 3981 1618 4055 neque
1648 3981 1902 4027 carere
1949 3951 2383 4030 divhtaciomk
2425 3955 2556 4027 ad-

358 4079 668 4150 iumento
682 4103 1078 4179 possamus.
1112 4080 1355 4169 Quare
1382 4080 1802 4164 curandum,
1836 4094 1930 4171 ut,
1970 4081 2297 4179 ubl'quid
2322 4084 2556 4176 conje-
