<?xml version="1.0" encoding="UTF-8"?>
<!DOCTYPE html PUBLIC "-//W3C//DTD XHTML 1.0 Transitional//EN"
    "http://www.w3.org/TR/xhtml1/DTD/xhtml1-transitional.dtd">
<html xmlns="http://www.w3.org/1999/xhtml" xml:lang="en" lang="en">
 <head>
  <title>
</title>
<meta http-equiv="Content-Type" content="text/html;charset=utf-8" />
  <meta name='ocr-system' content='tesseract 3.04.00' />
  <meta name='ocr-capabilities' content='ocr_page ocr_carea ocr_par ocr_line ocrx_word'/>
</head>
<body>
  <div class='ocr_page' id='page_1' title='image "./oratorumromanor00ellegoog_0068.png"; bbox 0 0 3367 5417; ppageno 0'>
   <div class='ocr_carea' id='block_1_1' title="bbox 1890 437 1982 507">
    <p class='ocr_par' dir='ltr' id='par_1_1' title="bbox 1890 437 1982 507">
     <span class='ocr_line' id='line_1_1' title="bbox 1890 437 1982 507; baseline 0 0"><span class='ocrx_word' id='word_1_1' title='bbox 1890 437 1982 507; x_wconf 70' lang='lat'>48</span> 
     </span>
    </p>
   </div>
   <div class='ocr_carea' id='block_1_2' title="bbox 833 567 3038 3314">
    <p class='ocr_par' dir='ltr' id='par_1_2' title="bbox 838 567 3038 1526">
     <span class='ocr_line' id='line_1_2' title="bbox 841 567 3038 654; baseline -0.001 -18"><span class='ocrx_word' id='word_1_2' title='bbox 841 592 1000 646; x_wconf 87' lang='lat' dir='ltr'>mus,</span> <span class='ocrx_word' id='word_1_3' title='bbox 1037 591 1151 636; x_wconf 88' lang='lat' dir='ltr'>cur</span> <span class='ocrx_word' id='word_1_4' title='bbox 1185 572 1256 635; x_wconf 90' lang='lat' dir='ltr'>C.</span> <span class='ocrx_word' id='word_1_5' title='bbox 1299 572 1547 651; x_wconf 84' lang='lat' dir='ltr'>Marius,</span> <span class='ocrx_word' id='word_1_6' title='bbox 1579 571 1754 654; x_wconf 86' lang='lat' dir='ltr'>cujus</span> <span class='ocrx_word' id='word_1_7' title='bbox 1781 590 2048 635; x_wconf 87' lang='lat' dir='ltr'>moerore</span> <span class='ocrx_word' id='word_1_8' title='bbox 2085 573 2153 633; x_wconf 89' lang='lat' dir='ltr'>in</span> <span class='ocrx_word' id='word_1_9' title='bbox 2190 572 2295 631; x_wconf 89' lang='grc' dir='ltr'>Μ.’</span> <span class='ocrx_word' id='word_1_10' title='bbox 2333 569 2602 652; x_wconf 79' lang='lat' dir='ltr'>Aquinio</span> <span class='ocrx_word' id='word_1_11' title='bbox 2639 567 3038 634; x_wconf 76' lang='lat' dir='ltr'>defendendo</span> 
     </span>
     <span class='ocr_line' id='line_1_3' title="bbox 844 667 3034 754; baseline 0 -21"><span class='ocrx_word' id='word_1_12' title='bbox 844 690 1211 754; x_wconf 79' lang='lat' dir='ltr'><strong>magnopere</strong></span> <span class='ocrx_word' id='word_1_13' title='bbox 1233 669 1474 752; x_wconf 87' lang='lat' dir='ltr'>adjutus</span> <span class='ocrx_word' id='word_1_14' title='bbox 1499 669 1747 745; x_wconf 87' lang='lat' dir='ltr'>dieitur,</span> <span class='ocrx_word' id='word_1_15' title='bbox 1783 682 1921 752; x_wconf 85' lang='lat' dir='ltr'>post</span> <span class='ocrx_word' id='word_1_16' title='bbox 1952 667 2019 731; x_wconf 87' lang='lat' dir='ltr'>in</span> <span class='ocrx_word' id='word_1_17' title='bbox 2047 669 2360 732; x_wconf 82' lang='lat' dir='ltr'>exitiabile</span> <span class='ocrx_word' id='word_1_18' title='bbox 2386 669 2517 753; x_wconf 82' lang='lat' dir='ltr'>ejus</span> <span class='ocrx_word' id='word_1_19' title='bbox 2545 667 2751 732; x_wconf 91' lang='lat' dir='ltr'>odium</span> <span class='ocrx_word' id='word_1_20' title='bbox 2779 688 3034 733; x_wconf 85' lang='lat' dir='ltr'>exarse-</span> 
     </span>
     <span class='ocr_line' id='line_1_4' title="bbox 843 767 3035 849; baseline -0.001 -17"><span class='ocrx_word' id='word_1_21' title='bbox 843 769 951 832; x_wconf 85' lang='lat' dir='ltr'>rit.</span> <span class='ocrx_word' id='word_1_22' title='bbox 985 772 1136 831; x_wconf 83' lang='lat' dir='ltr'>Nam</span> <span class='ocrx_word' id='word_1_23' title='bbox 1173 787 1370 848; x_wconf 90' lang='lat' dir='ltr'>neque</span> <span class='ocrx_word' id='word_1_24' title='bbox 1402 767 1832 831; x_wconf 85' lang='lat' dir='ltr'>Saturniniani</span> <span class='ocrx_word' id='word_1_25' title='bbox 1870 767 2165 849; x_wconf 89' lang='lat' dir='ltr'>temporis</span> <span class='ocrx_word' id='word_1_26' title='bbox 2200 767 2499 828; x_wconf 88' lang='lat' dir='ltr'>memoria</span> <span class='ocrx_word' id='word_1_27' title='bbox 2539 779 2777 827; x_wconf 87' lang='lat' dir='ltr'>tantum</span> <span class='ocrx_word' id='word_1_28' title='bbox 2812 767 3035 830; x_wconf 81' lang='lat' dir='ltr'>valere</span> 
     </span>
     <span class='ocr_line' id='line_1_5' title="bbox 842 862 3034 948; baseline -0.001 -20"><span class='ocrx_word' id='word_1_29' title='bbox 842 867 1071 948; x_wconf 89' lang='lat' dir='ltr'>potuit,</span> <span class='ocrx_word' id='word_1_30' title='bbox 1102 878 1167 928; x_wconf 91' lang='lat' dir='ltr'>et</span> <span class='ocrx_word' id='word_1_31' title='bbox 1196 864 1448 947; x_wconf 83' lang='lat' dir='ltr'>Aquillii</span> <span class='ocrx_word' id='word_1_32' title='bbox 1486 884 1671 927; x_wconf 84' lang='lat' dir='ltr'>causa</span> <span class='ocrx_word' id='word_1_33' title='bbox 1716 876 1851 946; x_wconf 86' lang='lat' dir='ltr'>post</span> <span class='ocrx_word' id='word_1_34' title='bbox 1891 864 2077 926; x_wconf 88' lang='lat' dir='ltr'>etiam</span> <span class='ocrx_word' id='word_1_35' title='bbox 2120 878 2263 926; x_wconf 88' lang='lat' dir='ltr'>acta</span> <span class='ocrx_word' id='word_1_36' title='bbox 2304 876 2415 925; x_wconf 61' lang='lat' dir='ltr'>est.</span> <span class='ocrx_word' id='word_1_37' title='bbox 2464 862 2778 944; x_wconf 83' lang='lat' dir='ltr'>Praecipue</span> <span class='ocrx_word' id='word_1_38' title='bbox 2818 876 3034 926; x_wconf 86' lang='lat' dir='ltr'>autem</span> 
     </span>
     <span class='ocr_line' id='line_1_6' title="bbox 838 962 3031 1046; baseline -0.001 -18"><span class='ocrx_word' id='word_1_39' title='bbox 838 967 1064 1045; x_wconf 83' lang='lat' dir='ltr'>gaudet</span> <span class='ocrx_word' id='word_1_40' title='bbox 1083 965 1330 1039; x_wconf 87' lang='lat' dir='ltr'>Cicero,</span> <span class='ocrx_word' id='word_1_41' title='bbox 1357 965 1517 1046; x_wconf 83' lang='lat' dir='ltr'>quod</span> <span class='ocrx_word' id='word_1_42' title='bbox 1534 975 1744 1043; x_wconf 86' lang='lat' dir='ltr'>gratos</span> <span class='ocrx_word' id='word_1_43' title='bbox 1760 964 2031 1026; x_wconf 80' lang='lat' dir='ltr'>Antonio</span> <span class='ocrx_word' id='word_1_44' title='bbox 2052 962 2236 1026; x_wconf 80' lang='lat' dir='ltr'>fuisse</span> <span class='ocrx_word' id='word_1_45' title='bbox 2252 966 2321 1026; x_wconf 89' lang='lat' dir='ltr'>L.</span> <span class='ocrx_word' id='word_1_46' title='bbox 2350 962 2715 1026; x_wconf 84' lang='lat' dir='ltr'>Ciceronem</span> <span class='ocrx_word' id='word_1_47' title='bbox 2734 976 3031 1045; x_wconf 85' lang='lat' dir='ltr'>patruum</span> 
     </span>
     <span class='ocr_line' id='line_1_7' title="bbox 841 1054 3034 1140; baseline -0.001 -15"><span class='ocrx_word' id='word_1_48' title='bbox 841 1085 1038 1136; x_wconf 86' lang='lat' dir='ltr'>suum,</span> <span class='ocrx_word' id='word_1_49' title='bbox 1085 1076 1149 1124; x_wconf 89' lang='lat' dir='ltr'>et</span> <span class='ocrx_word' id='word_1_50' title='bbox 1190 1064 1259 1123; x_wconf 90' lang='lat' dir='ltr'>L.</span> <span class='ocrx_word' id='word_1_51' title='bbox 1289 1061 1664 1124; x_wconf 79' lang='lat' dir='ltr'>Aculeonem</span> <span class='ocrx_word' id='word_1_52' title='bbox 1705 1072 1769 1121; x_wconf 90' lang='lat' dir='ltr'>et</span> <span class='ocrx_word' id='word_1_53' title='bbox 1806 1061 1891 1121; x_wconf 85' lang='grc' dir='ltr'>Μ.</span> <span class='ocrx_word' id='word_1_54' title='bbox 1933 1061 2195 1122; x_wconf 85' lang='lat' dir='ltr'>Marium</span> <span class='ocrx_word' id='word_1_55' title='bbox 2228 1057 2442 1121; x_wconf 84' lang='lat' dir='ltr'>affines</span> <span class='ocrx_word' id='word_1_56' title='bbox 2464 1054 2679 1140; x_wconf 87' lang='lat' dir='ltr'>saepius</span> <span class='ocrx_word' id='word_1_57' title='bbox 2708 1055 3034 1123; x_wconf 85' lang='lat' dir='ltr'>inculcare</span> 
     </span>
     <span class='ocr_line' id='line_1_8' title="bbox 842 1158 3029 1247; baseline -0.001 -21"><span class='ocrx_word' id='word_1_58' title='bbox 842 1178 1065 1247; x_wconf 84' lang='lat' dir='ltr'>potest.</span> <span class='ocrx_word' id='word_1_59' title='bbox 1091 1165 1172 1227; x_wconf 88' lang='lat' dir='ltr'>V.</span> <span class='ocrx_word' id='word_1_60' title='bbox 1192 1164 1368 1225; x_wconf 87' lang='lat' dir='ltr'>Brut.</span> <span class='ocrx_word' id='word_1_61' title='bbox 1406 1181 1463 1224; x_wconf 88' lang='lat' dir='ltr'>c.</span> <span class='ocrx_word' id='word_1_62' title='bbox 1499 1160 1605 1234; x_wconf 82' lang='lat'>45,</span> <span class='ocrx_word' id='word_1_63' title='bbox 1636 1163 1734 1223; x_wconf 89' lang='lat' dir='ltr'>De</span> <span class='ocrx_word' id='word_1_64' title='bbox 1757 1172 1917 1224; x_wconf 85' lang='lat' dir='ltr'>orat.</span> <span class='ocrx_word' id='word_1_65' title='bbox 1943 1162 2029 1235; x_wconf 90' lang='lat'>11,</span> <span class='ocrx_word' id='word_1_66' title='bbox 2059 1162 2119 1222; x_wconf 85' lang='lat'>1.</span> <span class='ocrx_word' id='word_1_67' title='bbox 2141 1158 2180 1196; x_wconf 65' lang='lat'>’⁶</span> <span class='ocrx_word' id='word_1_68' title='bbox 2246 1161 2341 1222; x_wconf 86' lang='lat' dir='ltr'>De</span> <span class='ocrx_word' id='word_1_69' title='bbox 2370 1158 2645 1221; x_wconf 86' lang='lat' dir='ltr'>moribus</span> <span class='ocrx_word' id='word_1_70' title='bbox 2672 1159 2827 1221; x_wconf 90' lang='lat' dir='ltr'>nihil</span> <span class='ocrx_word' id='word_1_71' title='bbox 2854 1173 3029 1223; x_wconf 89' lang='lat' dir='ltr'>nota-</span> 
     </span>
     <span class='ocr_line' id='line_1_9' title="bbox 844 1255 3020 1340; baseline -0.002 -16"><span class='ocrx_word' id='word_1_72' title='bbox 844 1277 973 1324; x_wconf 89' lang='lat' dir='ltr'>tum</span> <span class='ocrx_word' id='word_1_73' title='bbox 1001 1259 1280 1335; x_wconf 81' lang='lat' dir='ltr'>invenio,</span> <span class='ocrx_word' id='word_1_74' title='bbox 1315 1259 1435 1321; x_wconf 87' lang='lat' dir='ltr'>nisi</span> <span class='ocrx_word' id='word_1_75' title='bbox 1465 1260 1627 1340; x_wconf 92' lang='lat' dir='ltr'>quod</span> <span class='ocrx_word' id='word_1_76' title='bbox 1657 1256 1990 1340; x_wconf 79' lang='lat' dir='ltr'>Appuleius</span> <span class='ocrx_word' id='word_1_77' title='bbox 2016 1257 2272 1339; x_wconf 82' lang='lat' dir='ltr'>Apolog.</span> <span class='ocrx_word' id='word_1_78' title='bbox 2307 1277 2359 1318; x_wconf 91' lang='lat' dir='ltr'>s.</span> <span class='ocrx_word' id='word_1_79' title='bbox 2387 1258 2485 1317; x_wconf 88' lang='lat' dir='ltr'>De</span> <span class='ocrx_word' id='word_1_80' title='bbox 2507 1255 2708 1336; x_wconf 82' lang='lat' dir='ltr'>magia</span> <span class='ocrx_word' id='word_1_81' title='bbox 2728 1276 2792 1339; x_wconf 89' lang='lat' dir='ltr'>p.</span> <span class='ocrx_word' id='word_1_82' title='bbox 2819 1257 2892 1317; x_wconf 87' lang='grc'>31</span> <span class='ocrx_word' id='word_1_83' title='bbox 2919 1260 3020 1319; x_wconf 87' lang='lat' dir='ltr'>ed.</span> 
     </span>
     <span class='ocr_line' id='line_1_10' title="bbox 842 1355 3030 1447; baseline -0.004 -19"><span class='ocrx_word' id='word_1_84' title='bbox 842 1367 982 1447; x_wconf 91' lang='lat' dir='ltr'>Bip.</span> <span class='ocrx_word' id='word_1_85' title='bbox 1018 1365 1186 1425; x_wconf 91' lang='lat' dir='ltr'>hunc</span> <span class='ocrx_word' id='word_1_86' title='bbox 1219 1363 1287 1423; x_wconf 91' lang='lat' dir='ltr'>in</span> <span class='ocrx_word' id='word_1_87' title='bbox 1321 1362 1484 1424; x_wconf 86' lang='lat' dir='ltr'>raris</span> <span class='ocrx_word' id='word_1_88' title='bbox 1517 1360 1905 1445; x_wconf 61' lang='lat' dir='ltr'>parsimoniae</span> <span class='ocrx_word' id='word_1_89' title='bbox 1928 1355 2221 1441; x_wconf 85' lang='lat' dir='ltr'>exemplis</span> <span class='ocrx_word' id='word_1_90' title='bbox 2240 1357 2437 1442; x_wconf 88' lang='lat' dir='ltr'>ponit,</span> <span class='ocrx_word' id='word_1_91' title='bbox 2466 1357 2629 1440; x_wconf 86' lang='lat' dir='ltr'>quod</span> <span class='ocrx_word' id='word_1_92' title='bbox 2660 1371 2799 1420; x_wconf 87' lang='lat' dir='ltr'>octo</span> <span class='ocrx_word' id='word_1_93' title='bbox 2832 1358 3030 1420; x_wconf 86' lang='lat' dir='ltr'>solum</span> 
     </span>
     <span class='ocr_line' id='line_1_11' title="bbox 847 1460 1671 1526; baseline -0.006 1"><span class='ocrx_word' id='word_1_94' title='bbox 847 1483 1059 1526; x_wconf 85' lang='lat' dir='ltr'>servos</span> <span class='ocrx_word' id='word_1_95' title='bbox 1090 1460 1333 1524; x_wconf 89' lang='lat' dir='ltr'>dicatur</span> <span class='ocrx_word' id='word_1_96' title='bbox 1363 1460 1671 1523; x_wconf 88' lang='lat' dir='ltr'>habuisse.</span> 
     </span>
    </p>

    <p class='ocr_par' dir='ltr' id='par_1_3' title="bbox 833 1553 3030 2031">
     <span class='ocr_line' id='line_1_12' title="bbox 929 1553 3026 1636; baseline -0.004 -13"><span class='ocrx_word' id='word_1_97' title='bbox 929 1561 1033 1623; x_wconf 82' lang='lat'>38.</span> <span class='ocrx_word' id='word_1_98' title='bbox 1080 1561 1236 1624; x_wconf 89' lang='lat' dir='ltr'>Sero</span> <span class='ocrx_word' id='word_1_99' title='bbox 1270 1570 1336 1620; x_wconf 92' lang='lat' dir='ltr'>et</span> <span class='ocrx_word' id='word_1_100' title='bbox 1369 1558 1594 1620; x_wconf 82' lang='lat' dir='ltr'>leviter</span> <span class='ocrx_word' id='word_1_101' title='bbox 1650 1557 1922 1636; x_wconf 81' lang='lat' dir='ltr'>attigisse</span> <span class='ocrx_word' id='word_1_102' title='bbox 1959 1554 2178 1619; x_wconf 84' lang='lat' dir='ltr'>literas</span> <span class='ocrx_word' id='word_1_103' title='bbox 2204 1553 2545 1617; x_wconf 85' lang='lat' dir='ltr'>Antonium</span> <span class='ocrx_word' id='word_1_104' title='bbox 2573 1565 2702 1614; x_wconf 90' lang='lat' dir='ltr'>tum</span> <span class='ocrx_word' id='word_1_105' title='bbox 2730 1573 2862 1614; x_wconf 90' lang='lat' dir='ltr'>mos</span> <span class='ocrx_word' id='word_1_106' title='bbox 2890 1554 3026 1636; x_wconf 88' lang='lat' dir='ltr'>plu·</span> 
     </span>
     <span class='ocr_line' id='line_1_13' title="bbox 841 1645 3028 1738; baseline -0.003 -20"><span class='ocrx_word' id='word_1_107' title='bbox 841 1658 1175 1727; x_wconf 88' lang='lat' dir='ltr'>rimorum,</span> <span class='ocrx_word' id='word_1_108' title='bbox 1218 1655 1324 1738; x_wconf 85' lang='lat' dir='ltr'>qui</span> <span class='ocrx_word' id='word_1_109' title='bbox 1364 1653 1568 1717; x_wconf 88' lang='lat' dir='ltr'>causis</span> <span class='ocrx_word' id='word_1_110' title='bbox 1602 1651 1882 1715; x_wconf 87' lang='lat' dir='ltr'>dicendis</span> <span class='ocrx_word' id='word_1_111' title='bbox 1921 1672 2052 1715; x_wconf 89' lang='lat' dir='ltr'>sese</span> <span class='ocrx_word' id='word_1_112' title='bbox 2090 1650 2426 1723; x_wconf 86' lang='lat' dir='ltr'>dederunt,</span> <span class='ocrx_word' id='word_1_113' title='bbox 2473 1660 2606 1711; x_wconf 89' lang='lat' dir='ltr'>tum</span> <span class='ocrx_word' id='word_1_114' title='bbox 2646 1645 2836 1732; x_wconf 84' lang='lat' dir='ltr'>ipsius</span> <span class='ocrx_word' id='word_1_115' title='bbox 2863 1652 3028 1732; x_wconf 85' lang='lat' dir='ltr'>apud</span> 
     </span>
     <span class='ocr_line' id='line_1_14' title="bbox 845 1747 3030 1829; baseline -0.003 -13"><span class='ocrx_word' id='word_1_116' title='bbox 845 1753 1216 1816; x_wconf 87' lang='lat' dir='ltr'>Ciceronem</span> <span class='ocrx_word' id='word_1_117' title='bbox 1246 1751 1478 1815; x_wconf 90' lang='lat' dir='ltr'>dictum</span> <span class='ocrx_word' id='word_1_118' title='bbox 1505 1752 1601 1813; x_wconf 88' lang='lat' dir='ltr'>De</span> <span class='ocrx_word' id='word_1_119' title='bbox 1628 1764 1791 1813; x_wconf 89' lang='lat' dir='ltr'>orat.</span> <span class='ocrx_word' id='word_1_120' title='bbox 1816 1750 1869 1825; x_wconf 87' lang='lat'>1,</span> <span class='ocrx_word' id='word_1_121' title='bbox 1900 1749 2002 1823; x_wconf 91' lang='lat'>18,</span> <span class='ocrx_word' id='word_1_122' title='bbox 2033 1747 2324 1812; x_wconf 80' lang='lat' dir='ltr'>ostendit.</span> <span class='ocrx_word' id='word_1_123' title='bbox 2369 1749 2525 1809; x_wconf 91' lang='lat' dir='ltr'>Nam</span> <span class='ocrx_word' id='word_1_124' title='bbox 2564 1766 2702 1808; x_wconf 90' lang='lat' dir='ltr'>cum</span> <span class='ocrx_word' id='word_1_125' title='bbox 2740 1766 2855 1829; x_wconf 89' lang='lat' dir='ltr'>pro</span> <span class='ocrx_word' id='word_1_126' title='bbox 2881 1767 3030 1810; x_wconf 85' lang='lat' dir='ltr'>con·</span> 
     </span>
     <span class='ocr_line' id='line_1_15' title="bbox 843 1842 3030 1929; baseline -0.002 -16"><span class='ocrx_word' id='word_1_127' title='bbox 843 1851 972 1913; x_wconf 89' lang='lat' dir='ltr'>sule</span> <span class='ocrx_word' id='word_1_128' title='bbox 1027 1849 1096 1913; x_wconf 89' lang='lat' dir='ltr'>in</span> <span class='ocrx_word' id='word_1_129' title='bbox 1152 1849 1439 1913; x_wconf 85' lang='lat' dir='ltr'>Ciliciam</span> <span class='ocrx_word' id='word_1_130' title='bbox 1476 1848 1777 1926; x_wconf 71' lang='lat' dir='ltr'>navigans</span> <span class='ocrx_word' id='word_1_131' title='bbox 1822 1849 2100 1909; x_wconf 79' lang='lat' dir='ltr'>Athenas</span> <span class='ocrx_word' id='word_1_132' title='bbox 2139 1847 2493 1929; x_wconf 78' lang='lat' dir='ltr'>appulisset,</span> <span class='ocrx_word' id='word_1_133' title='bbox 2548 1842 2749 1927; x_wconf 88' lang='lat' dir='ltr'>prima</span> <span class='ocrx_word' id='word_1_134' title='bbox 2804 1844 3030 1909; x_wconf 85' lang='lat' dir='ltr'>artium</span> 
     </span>
     <span class='ocr_line' id='line_1_16' title="bbox 833 1944 3022 2031; baseline -0.003 -14"><span class='ocrx_word' id='word_1_135' title='bbox 833 1952 1197 2017; x_wconf 84' lang='lat' dir='ltr'>Graecarum</span> <span class='ocrx_word' id='word_1_136' title='bbox 1232 1958 1542 2031; x_wconf 66' lang='lat' dir='ltr'>praecepta</span> <span class='ocrx_word' id='word_1_137' title='bbox 1570 1966 1608 2008; x_wconf 90' lang='lat' dir='ltr'>a</span> <span class='ocrx_word' id='word_1_138' title='bbox 1629 1945 2005 2028; x_wconf 88' lang='lat' dir='ltr'>philosophis</span> <span class='ocrx_word' id='word_1_139' title='bbox 2037 1944 2460 2029; x_wconf 68' lang='lat' dir='ltr'>(Mnesarcho,</span> <span class='ocrx_word' id='word_1_140' title='bbox 2491 1945 2869 2021; x_wconf 84' lang='lat' dir='ltr'>Charmada,</span> <span class='ocrx_word' id='word_1_141' title='bbox 2897 1949 3022 2010; x_wconf 89' lang='lat' dir='ltr'>Me-</span> 
     </span>
    </p>

    <p class='ocr_par' dir='ltr' id='par_1_4' title="bbox 836 2044 3031 3314">
     <span class='ocr_line' id='line_1_17' title="bbox 842 2044 3025 2135; baseline -0.003 -22.875"><span class='ocrx_word' id='word_1_142' title='bbox 842 2049 1124 2135; x_wconf 86' lang='lat' dir='ltr'>nedemo)</span> <span class='ocrx_word' id='word_1_143' title='bbox 1157 2046 1465 2130; x_wconf 87' lang='lat' dir='ltr'>accepisse</span> <span class='ocrx_word' id='word_1_144' title='bbox 1494 2047 1715 2107; x_wconf 86' lang='lat' dir='ltr'>fertur.</span> <span class='ocrx_word' id='word_1_145' title='bbox 1767 2046 1891 2108; x_wconf 85' lang='lat' dir='ltr'>Sed</span> <span class='ocrx_word' id='word_1_146' title='bbox 1929 2059 1994 2108; x_wconf 88' lang='lat' dir='ltr'>et</span> <span class='ocrx_word' id='word_1_147' title='bbox 2021 2048 2151 2108; x_wconf 83' lang='lat' dir='ltr'>haec</span> <span class='ocrx_word' id='word_1_148' title='bbox 2181 2059 2244 2109; x_wconf 90' lang='lat' dir='ltr'>et</span> <span class='ocrx_word' id='word_1_149' title='bbox 2274 2066 2407 2128; x_wconf 81' lang='lat' dir='ltr'>quae</span> <span class='ocrx_word' id='word_1_150' title='bbox 2434 2044 2585 2108; x_wconf 90' lang='lat' dir='ltr'>ibid.</span> <span class='ocrx_word' id='word_1_151' title='bbox 2622 2044 2813 2120; x_wconf 81' lang='lat' dir='ltr'>c.14‚</span> <span class='ocrx_word' id='word_1_152' title='bbox 2846 2056 2909 2107; x_wconf 87' lang='lat' dir='ltr'>et</span> <span class='ocrx_word' id='word_1_153' title='bbox 2935 2048 3025 2120; x_wconf 89' lang='lat'>11,</span> 
     </span>
     <span class='ocr_line' id='line_1_18' title="bbox 846 2141 3024 2230; baseline -0.001 -21"><span class='ocrx_word' id='word_1_154' title='bbox 846 2149 924 2210; x_wconf 85' lang='lat'>12</span> <span class='ocrx_word' id='word_1_155' title='bbox 945 2169 1079 2230; x_wconf 85' lang='lat' dir='ltr'><strong>sqq.</strong></span> <span class='ocrx_word' id='word_1_156' title='bbox 1112 2149 1189 2209; x_wconf 93' lang='lat' dir='ltr'>de</span> <span class='ocrx_word' id='word_1_157' title='bbox 1208 2143 1449 2211; x_wconf 83' lang='lat' dir='ltr'>Graecis</span> <span class='ocrx_word' id='word_1_158' title='bbox 1470 2142 1674 2206; x_wconf 89' lang='lat' dir='ltr'>literis</span> <span class='ocrx_word' id='word_1_159' title='bbox 1715 2141 1885 2224; x_wconf 85' lang='lat' dir='ltr'>quasi</span> <span class='ocrx_word' id='word_1_160' title='bbox 1923 2142 2281 2208; x_wconf 81' lang='lat' dir='ltr'>Antoniana</span> <span class='ocrx_word' id='word_1_161' title='bbox 2323 2141 2559 2226; x_wconf 88' lang='lat' dir='ltr'>judicia</span> <span class='ocrx_word' id='word_1_162' title='bbox 2602 2145 3024 2230; x_wconf 81' lang='lat' dir='ltr'>proferuntur,</span> 
     </span>
     <span class='ocr_line' id='line_1_19' title="bbox 841 2238 3026 2322; baseline -0.001 -15"><span class='ocrx_word' id='word_1_163' title='bbox 841 2245 943 2307; x_wconf 84' lang='lat' dir='ltr'>vel</span> <span class='ocrx_word' id='word_1_164' title='bbox 958 2256 1089 2305; x_wconf 89' lang='lat' dir='ltr'>tota</span> <span class='ocrx_word' id='word_1_165' title='bbox 1108 2242 1279 2316; x_wconf 85' lang='lat' dir='ltr'>ficta,</span> <span class='ocrx_word' id='word_1_166' title='bbox 1295 2241 1434 2302; x_wconf 80' lang='lat' dir='ltr'>vel</span> <span class='ocrx_word' id='word_1_167' title='bbox 1418 2261 1484 2302; x_wconf 89' lang='grc' dir='ltr'>ιιι</span> <span class='ocrx_word' id='word_1_168' title='bbox 1505 2239 1699 2322; x_wconf 83' lang='lat' dir='ltr'>majus</span> <span class='ocrx_word' id='word_1_169' title='bbox 1722 2252 1897 2302; x_wconf 86' lang='lat' dir='ltr'>auct-a</span> <span class='ocrx_word' id='word_1_170' title='bbox 1917 2254 1982 2303; x_wconf 85' lang='lat' dir='ltr'>et</span> <span class='ocrx_word' id='word_1_171' title='bbox 2000 2254 2301 2305; x_wconf 84' lang='lat' dir='ltr'>exornata</span> <span class='ocrx_word' id='word_1_172' title='bbox 2323 2238 2720 2317; x_wconf 78' lang='lat' dir='ltr'>crediderim,</span> <span class='ocrx_word' id='word_1_173' title='bbox 2745 2261 2826 2303; x_wconf 93' lang='lat' dir='ltr'>ne</span> <span class='ocrx_word' id='word_1_174' title='bbox 2843 2241 3026 2305; x_wconf 91' lang='lat' dir='ltr'>homo</span> 
     </span>
     <span class='ocr_line' id='line_1_20' title="bbox 838 2338 3029 2422; baseline -0.001 -15"><span class='ocrx_word' id='word_1_175' title='bbox 838 2360 965 2407; x_wconf 86' lang='lat' dir='ltr'>tam</span> <span class='ocrx_word' id='word_1_176' title='bbox 993 2343 1250 2422; x_wconf 85' lang='lat' dir='ltr'>magnus</span> <span class='ocrx_word' id='word_1_177' title='bbox 1273 2341 1342 2403; x_wconf 91' lang='lat' dir='ltr'>in</span> <span class='ocrx_word' id='word_1_178' title='bbox 1368 2338 1634 2403; x_wconf 88' lang='lat' dir='ltr'>dicendo</span> <span class='ocrx_word' id='word_1_179' title='bbox 1662 2359 1915 2422; x_wconf 90' lang='lat' dir='ltr'>prorsus</span> <span class='ocrx_word' id='word_1_180' title='bbox 1943 2338 2116 2404; x_wconf 90' lang='lat' dir='ltr'>rudis</span> <span class='ocrx_word' id='word_1_181' title='bbox 2142 2339 2476 2405; x_wconf 83' lang='lat' dir='ltr'>videretur</span> <span class='ocrx_word' id='word_1_182' title='bbox 2486 2341 2833 2411; x_wconf 86' lang='lat' dir='ltr'>literarum.</span> <span class='ocrx_word' id='word_1_183' title='bbox 2869 2344 3029 2404; x_wconf 91' lang='lat' dir='ltr'>Eun·</span> 
     </span>
     <span class='ocr_line' id='line_1_21' title="bbox 841 2437 3031 2521; baseline 0 -18"><span class='ocrx_word' id='word_1_184' title='bbox 841 2444 981 2504; x_wconf 88' lang='lat' dir='ltr'>dem</span> <span class='ocrx_word' id='word_1_185' title='bbox 1020 2460 1096 2503; x_wconf 84' lang='lat' dir='ltr'>ex</span> <span class='ocrx_word' id='word_1_186' title='bbox 1129 2458 1303 2502; x_wconf 91' lang='lat' dir='ltr'>more</span> <span class='ocrx_word' id='word_1_187' title='bbox 1338 2438 1724 2521; x_wconf 86' lang='lat' dir='ltr'>popularium</span> <span class='ocrx_word' id='word_1_188' title='bbox 1771 2440 2047 2502; x_wconf 86' lang='lat' dir='ltr'>cultioris</span> <span class='ocrx_word' id='word_1_189' title='bbox 2083 2437 2280 2502; x_wconf 84' lang='lat' dir='ltr'>aetatis</span> <span class='ocrx_word' id='word_1_190' title='bbox 2316 2438 2726 2502; x_wconf 87' lang='lat' dir='ltr'>eruditionem</span> <span class='ocrx_word' id='word_1_191' title='bbox 2753 2439 3031 2504; x_wconf 87' lang='lat' dir='ltr'>dissimu-</span> 
     </span>
     <span class='ocr_line' id='line_1_22' title="bbox 840 2534 3029 2619; baseline 0 -20"><span class='ocrx_word' id='word_1_192' title='bbox 840 2539 1016 2613; x_wconf 80' lang='lat' dir='ltr'>lasse,</span> <span class='ocrx_word' id='word_1_193' title='bbox 1051 2538 1212 2618; x_wconf 89' lang='lat' dir='ltr'>quod</span> <span class='ocrx_word' id='word_1_194' title='bbox 1234 2534 1370 2598; x_wconf 88' lang='lat' dir='ltr'>Cic.</span> <span class='ocrx_word' id='word_1_195' title='bbox 1397 2537 1494 2598; x_wconf 90' lang='lat' dir='ltr'>De</span> <span class='ocrx_word' id='word_1_196' title='bbox 1514 2549 1673 2598; x_wconf 88' lang='lat' dir='ltr'>orat.</span> <span class='ocrx_word' id='word_1_197' title='bbox 1702 2537 1788 2610; x_wconf 83' lang='grc' dir='ltr'>ΙΙ,</span> <span class='ocrx_word' id='word_1_198' title='bbox 1818 2536 1921 2614; x_wconf 86' lang='grc'>36,</span> <span class='ocrx_word' id='word_1_199' title='bbox 1949 2549 2012 2599; x_wconf 88' lang='lat' dir='ltr'>et</span> <span class='ocrx_word' id='word_1_200' title='bbox 2033 2535 2298 2619; x_wconf 88' lang='lat' dir='ltr'>Quintil.</span> <span class='ocrx_word' id='word_1_201' title='bbox 2329 2539 2473 2610; x_wconf 84' lang='grc' dir='ltr'>ΧΠ,</span> <span class='ocrx_word' id='word_1_202' title='bbox 2504 2543 2565 2613; x_wconf 83' lang='grc'>9,</span> <span class='ocrx_word' id='word_1_203' title='bbox 2597 2540 2658 2614; x_wconf 87' lang='grc'>5,</span> <span class='ocrx_word' id='word_1_204' title='bbox 2687 2538 3029 2613; x_wconf 71' lang='lat' dir='ltr'>affirmant,</span> 
     </span>
     <span class='ocr_line' id='line_1_23' title="bbox 841 2631 3031 2719; baseline 0 -20"><span class='ocrx_word' id='word_1_205' title='bbox 841 2638 1036 2717; x_wconf 82' lang='lat' dir='ltr'>magis</span> <span class='ocrx_word' id='word_1_206' title='bbox 1064 2655 1101 2698; x_wconf 86' lang='lat' dir='ltr'>a</span> <span class='ocrx_word' id='word_1_207' title='bbox 1128 2631 1455 2699; x_wconf 83' lang='lat' dir='ltr'>Ciceronis</span> <span class='ocrx_word' id='word_1_208' title='bbox 1483 2635 1684 2697; x_wconf 87' lang='lat' dir='ltr'>studio</span> <span class='ocrx_word' id='word_1_209' title='bbox 1713 2654 1897 2715; x_wconf 88' lang='lat' dir='ltr'>qnam</span> <span class='ocrx_word' id='word_1_210' title='bbox 1925 2654 1961 2696; x_wconf 84' lang='lat' dir='ltr'>a</span> <span class='ocrx_word' id='word_1_211' title='bbox 1988 2632 2256 2699; x_wconf 82' lang='lat' dir='ltr'>veritate</span> <span class='ocrx_word' id='word_1_212' title='bbox 2282 2639 2631 2718; x_wconf 88' lang='lat' dir='ltr'>profectum</span> <span class='ocrx_word' id='word_1_213' title='bbox 2657 2652 2830 2719; x_wconf 89' lang='lat' dir='ltr'>puto.</span> <span class='ocrx_word' id='word_1_214' title='bbox 2872 2640 3031 2699; x_wconf 91' lang='lat' dir='ltr'>Nam</span> 
     </span>
     <span class='ocr_line' id='line_1_24' title="bbox 836 2732 3026 2819; baseline -0.001 -19"><span class='ocrx_word' id='word_1_215' title='bbox 836 2737 937 2819; x_wconf 77' lang='lat' dir='ltr'>jus</span> <span class='ocrx_word' id='word_1_216' title='bbox 967 2736 1156 2799; x_wconf 90' lang='lat' dir='ltr'>etiam</span> <span class='ocrx_word' id='word_1_217' title='bbox 1186 2732 1403 2810; x_wconf 84' lang='lat' dir='ltr'>civile,</span> <span class='ocrx_word' id='word_1_218' title='bbox 1449 2735 1620 2817; x_wconf 83' lang='lat' dir='ltr'>cujus</span> <span class='ocrx_word' id='word_1_219' title='bbox 1648 2735 1868 2798; x_wconf 84' lang='lat' dir='ltr'>saltem</span> <span class='ocrx_word' id='word_1_220' title='bbox 1897 2733 2103 2816; x_wconf 88' lang='lat' dir='ltr'>aliqua</span> <span class='ocrx_word' id='word_1_221' title='bbox 2132 2733 2410 2815; x_wconf 86' lang='lat' dir='ltr'>cognitio</span> <span class='ocrx_word' id='word_1_222' title='bbox 2433 2738 2671 2798; x_wconf 87' lang='lat' dir='ltr'>oratori</span> <span class='ocrx_word' id='word_1_223' title='bbox 2700 2757 3026 2819; x_wconf 85' lang='lat' dir='ltr'>perneces-</span> 
     </span>
     <span class='ocr_line' id='line_1_25' title="bbox 841 2831 3022 2917; baseline 0 -19"><span class='ocrx_word' id='word_1_224' title='bbox 841 2838 1006 2899; x_wconf 87' lang='lat' dir='ltr'>saria</span> <span class='ocrx_word' id='word_1_225' title='bbox 1034 2849 1193 2908; x_wconf 88' lang='lat' dir='ltr'>erat,</span> <span class='ocrx_word' id='word_1_226' title='bbox 1223 2835 1400 2917; x_wconf 78' lang='lat' dir='ltr'>parvi</span> <span class='ocrx_word' id='word_1_227' title='bbox 1430 2834 1643 2897; x_wconf 77' lang='lat' dir='ltr'>fecisse</span> <span class='ocrx_word' id='word_1_228' title='bbox 1664 2831 1830 2896; x_wconf 89' lang='lat' dir='ltr'>idem</span> <span class='ocrx_word' id='word_1_229' title='bbox 1850 2837 2011 2917; x_wconf 88' lang='lat' dir='ltr'>apud</span> <span class='ocrx_word' id='word_1_230' title='bbox 2038 2834 2174 2898; x_wconf 87' lang='lat' dir='ltr'>Cic.</span> <span class='ocrx_word' id='word_1_231' title='bbox 2200 2837 2294 2897; x_wconf 90' lang='lat' dir='ltr'>De</span> <span class='ocrx_word' id='word_1_232' title='bbox 2328 2849 2488 2899; x_wconf 89' lang='lat' dir='ltr'>orat.</span> <span class='ocrx_word' id='word_1_233' title='bbox 2517 2837 2569 2909; x_wconf 90' lang='lat'>1,</span> <span class='ocrx_word' id='word_1_234' title='bbox 2597 2837 2703 2913; x_wconf 88' lang='lat'>38,</span> <span class='ocrx_word' id='word_1_235' title='bbox 2729 2837 3022 2912; x_wconf 85' lang='lat' dir='ltr'>traditur,</span> 
     </span>
     <span class='ocr_line' id='line_1_26' title="bbox 841 2933 3025 3020; baseline 0 -20"><span class='ocrx_word' id='word_1_236' title='bbox 841 2951 907 3001; x_wconf 89' lang='lat' dir='ltr'>et</span> <span class='ocrx_word' id='word_1_237' title='bbox 933 2938 1094 3020; x_wconf 88' lang='lat' dir='ltr'>quod</span> <span class='ocrx_word' id='word_1_238' title='bbox 1119 2954 1244 2998; x_wconf 89' lang='lat' dir='ltr'>nou</span> <span class='ocrx_word' id='word_1_239' title='bbox 1272 2935 1419 2998; x_wconf 87' lang='lat' dir='ltr'>satis</span> <span class='ocrx_word' id='word_1_240' title='bbox 1440 2933 1633 2999; x_wconf 89' lang='lat' dir='ltr'>latine</span> <span class='ocrx_word' id='word_1_241' title='bbox 1655 2955 1734 2996; x_wconf 81' lang='lat' dir='ltr'>ex</span> <span class='ocrx_word' id='word_1_242' title='bbox 1754 2935 2024 3019; x_wconf 86' lang='lat' dir='ltr'>ejusdem</span> <span class='ocrx_word' id='word_1_243' title='bbox 2047 2939 2239 2998; x_wconf 88' lang='lat' dir='ltr'>Bruto</span> <span class='ocrx_word' id='word_1_244' title='bbox 2263 2956 2299 2997; x_wconf 89' lang='lat' dir='ltr'>c</span> <span class='ocrx_word' id='word_1_245' title='bbox 2350 2937 2429 3000; x_wconf 82' lang='lat'>38</span> <span class='ocrx_word' id='word_1_246' title='bbox 2469 2938 2740 3000; x_wconf 87' lang='lat' dir='ltr'>locutum</span> <span class='ocrx_word' id='word_1_247' title='bbox 2780 2938 3025 3017; x_wconf 85' lang='lat' dir='ltr'>scimus,</span> 
     </span>
     <span class='ocr_line' id='line_1_27' title="bbox 840 3031 3022 3119; baseline -0.001 -20"><span class='ocrx_word' id='word_1_248' title='bbox 840 3057 919 3100; x_wconf 85' lang='lat' dir='ltr'>ex</span> <span class='ocrx_word' id='word_1_249' title='bbox 944 3031 1211 3097; x_wconf 88' lang='lat' dir='ltr'>minoris</span> <span class='ocrx_word' id='word_1_250' title='bbox 1238 3033 1532 3097; x_wconf 86' lang='lat' dir='ltr'>momenti</span> <span class='ocrx_word' id='word_1_251' title='bbox 1561 3034 1748 3098; x_wconf 84' lang='lat' dir='ltr'>rebus</span> <span class='ocrx_word' id='word_1_252' title='bbox 1777 3034 1853 3095; x_wconf 93' lang='lat' dir='ltr'>de</span> <span class='ocrx_word' id='word_1_253' title='bbox 1877 3031 2268 3113; x_wconf 83' lang='lat' dir='ltr'>gravioribus</span> <span class='ocrx_word' id='word_1_254' title='bbox 2307 3034 2659 3098; x_wconf 83' lang='lat' dir='ltr'>existimare</span> <span class='ocrx_word' id='word_1_255' title='bbox 2688 3057 3022 3119; x_wconf 60' lang='lat' dir='ltr'>possumus».</span> 
     </span>
     <span class='ocr_line' id='line_1_28' title="bbox 837 3128 3021 3214; baseline 0.001 -16"><span class='ocrx_word' id='word_1_256' title='bbox 837 3138 968 3198; x_wconf 89' lang='lat' dir='ltr'>Nec</span> <span class='ocrx_word' id='word_1_257' title='bbox 988 3133 1174 3196; x_wconf 88' lang='lat' dir='ltr'>etiam</span> <span class='ocrx_word' id='word_1_258' title='bbox 1197 3129 1495 3214; x_wconf 86' lang='lat' dir='ltr'>judicium</span> <span class='ocrx_word' id='word_1_259' title='bbox 1522 3132 1602 3192; x_wconf 90' lang='lat' dir='ltr'>de</span> <span class='ocrx_word' id='word_1_260' title='bbox 1629 3128 1897 3193; x_wconf 89' lang='lat' dir='ltr'>oratoris</span> <span class='ocrx_word' id='word_1_261' title='bbox 1918 3129 2171 3211; x_wconf 84' lang='lat' dir='ltr'>ingenio</span> <span class='ocrx_word' id='word_1_262' title='bbox 2194 3134 2353 3214; x_wconf 86' lang='lat' dir='ltr'>apud</span> <span class='ocrx_word' id='word_1_263' title='bbox 2373 3129 2508 3195; x_wconf 84' lang='lat' dir='ltr'>Cio.</span> <span class='ocrx_word' id='word_1_264' title='bbox 2535 3135 2631 3196; x_wconf 92' lang='lat' dir='ltr'>De</span> <span class='ocrx_word' id='word_1_265' title='bbox 2655 3148 2816 3197; x_wconf 89' lang='lat' dir='ltr'>orat.</span> <span class='ocrx_word' id='word_1_266' title='bbox 2836 3137 2890 3208; x_wconf 92' lang='lat'>1,</span> <span class='ocrx_word' id='word_1_267' title='bbox 2918 3135 3021 3211; x_wconf 80' lang='lat'>49,</span> 
     </span>
     <span class='ocr_line' id='line_1_29' title="bbox 841 3227 3018 3314; baseline -0.001 -17"><span class='ocrx_word' id='word_1_268' title='bbox 841 3229 1096 3296; x_wconf 83' lang='lat' dir='ltr'>Antonii</span> <span class='ocrx_word' id='word_1_269' title='bbox 1126 3227 1330 3314; x_wconf 87' lang='lat' dir='ltr'>potius</span> <span class='ocrx_word' id='word_1_270' title='bbox 1368 3250 1551 3311; x_wconf 86' lang='lat' dir='ltr'>quam</span> <span class='ocrx_word' id='word_1_271' title='bbox 1588 3227 1997 3314; x_wconf 89' lang='lat' dir='ltr'>plurimorum</span> <span class='ocrx_word' id='word_1_272' title='bbox 2024 3229 2346 3294; x_wconf 87' lang='lat' dir='ltr'>Ciceronis</span> <span class='ocrx_word' id='word_1_273' title='bbox 2384 3230 2706 3313; x_wconf 69' lang='lat' dir='ltr'>aequalium</span> <span class='ocrx_word' id='word_1_274' title='bbox 2752 3235 3018 3310; x_wconf 84' lang='lat' dir='ltr'>videtur,</span> 
     </span>
    </p>
   </div>
   <div class='ocr_carea' id='block_1_3' title="bbox 831 3485 3032 4310">
    <p class='ocr_par' dir='ltr' id='par_1_5' title="bbox 831 3485 3032 4301">
     <span class='ocr_line' id='line_1_30' title="bbox 906 3485 3027 3561; baseline 0.003 -18"><span class='ocrx_word' id='word_1_275' title='bbox 906 3494 932 3524; x_wconf 49' lang='grc' dir='ltr'>’ὓ</span> <span class='ocrx_word' id='word_1_276' title='bbox 971 3492 1129 3544; x_wconf 85' lang='lat' dir='ltr'>Hunc</span> <span class='ocrx_word' id='word_1_277' title='bbox 1149 3487 1325 3541; x_wconf 88' lang='lat' dir='ltr'>locum</span> <span class='ocrx_word' id='word_1_278' title='bbox 1353 3486 1632 3541; x_wconf 81' lang='lat' dir='ltr'>manifesto</span> <span class='ocrx_word' id='word_1_279' title='bbox 1666 3485 2005 3559; x_wconf 82' lang='lat' dir='ltr'>depravatum</span> <span class='ocrx_word' id='word_1_280' title='bbox 2030 3507 2182 3543; x_wconf 90' lang='lat' dir='ltr'>nemo</span> <span class='ocrx_word' id='word_1_281' title='bbox 2200 3504 2388 3561; x_wconf 79' lang='lat' dir='ltr'>proeter</span> <span class='ocrx_word' id='word_1_282' title='bbox 2411 3493 2664 3547; x_wconf 85' lang='lat' dir='ltr'>editorem</span> <span class='ocrx_word' id='word_1_283' title='bbox 2685 3496 3027 3548; x_wconf 78' lang='lat' dir='ltr'>novissimum</span> 
     </span>
     <span class='ocr_line' id='line_1_31' title="bbox 837 3571 3022 3653; baseline 0.002 -24"><span class='ocrx_word' id='word_1_284' title='bbox 837 3577 1022 3629; x_wconf 84' lang='lat' dir='ltr'>sensit.</span> <span class='ocrx_word' id='word_1_285' title='bbox 1039 3575 1174 3627; x_wconf 83' lang='lat' dir='ltr'>Nam</span> <span class='ocrx_word' id='word_1_286' title='bbox 1192 3573 1317 3644; x_wconf 89' lang='lat' dir='ltr'>quid</span> <span class='ocrx_word' id='word_1_287' title='bbox 1343 3584 1451 3625; x_wconf 84' lang='lat' dir='ltr'>est:</span> <span class='ocrx_word' id='word_1_288' title='bbox 1492 3572 1668 3627; x_wconf 74' lang='lat' dir='ltr'>Cicero</span> <span class='ocrx_word' id='word_1_289' title='bbox 1691 3593 1806 3627; x_wconf 82' lang='lat' dir='ltr'>cum</span> <span class='ocrx_word' id='word_1_290' title='bbox 1830 3571 1921 3626; x_wconf 85' lang='grc' dir='ltr'>Μ.</span> <span class='ocrx_word' id='word_1_291' title='bbox 1948 3573 2185 3629; x_wconf 74' lang='lat' dir='ltr'>Antonio</span> <span class='ocrx_word' id='word_1_292' title='bbox 2209 3582 2263 3629; x_wconf 79' lang='lat' dir='ltr'>in</span> <span class='ocrx_word' id='word_1_293' title='bbox 2282 3583 2603 3650; x_wconf 77' lang='lat' dir='ltr'>provinciam</span> <span class='ocrx_word' id='word_1_294' title='bbox 2623 3581 2885 3653; x_wconf 72' lang='lat' dir='ltr'>projeetus</span> <span class='ocrx_word' id='word_1_295' title='bbox 2907 3601 3022 3633; x_wconf 82' lang='lat' dir='ltr'>una</span> 
     </span>
     <span class='ocr_line' id='line_1_32' title="bbox 837 3657 3025 3735; baseline 0.003 -25"><span class='ocrx_word' id='word_1_296' title='bbox 837 3660 1163 3712; x_wconf 77' lang='lat' dir='ltr'>decesserat?</span> <span class='ocrx_word' id='word_1_297' title='bbox 1190 3657 1473 3711; x_wconf 75' lang='lat' dir='ltr'>Schsstzius</span> <span class='ocrx_word' id='word_1_298' title='bbox 1500 3657 1729 3730; x_wconf 80' lang='lat' dir='ltr'>explicat</span> <span class='ocrx_word' id='word_1_299' title='bbox 1749 3676 1763 3710; x_wconf 73' lang='grc' dir='ltr'><strong>ι</strong></span> <span class='ocrx_word' id='word_1_300' title='bbox 1785 3676 1892 3710; x_wconf 83' lang='lat' dir='ltr'>una</span> <span class='ocrx_word' id='word_1_301' title='bbox 1917 3659 2185 3729; x_wconf 81' lang='lat' dir='ltr'>profectus</span> <span class='ocrx_word' id='word_1_302' title='bbox 2214 3673 2323 3726; x_wconf 85' lang='lat' dir='ltr'>est;</span> <span class='ocrx_word' id='word_1_303' title='bbox 2351 3682 2459 3715; x_wconf 88' lang='lat' dir='ltr'>una</span> <span class='ocrx_word' id='word_1_304' title='bbox 2481 3664 2636 3715; x_wconf 83' lang='lat' dir='ltr'>etiam</span> <span class='ocrx_word' id='word_1_305' title='bbox 2664 3683 2782 3717; x_wconf 90' lang='lat' dir='ltr'>cum</span> <span class='ocrx_word' id='word_1_306' title='bbox 2798 3681 3025 3735; x_wconf 79' lang='lat' dir='ltr'>procon-</span> 
     </span>
     <span class='ocr_line' id='line_1_33' title="bbox 838 3737 3028 3815; baseline 0.001 -23"><span class='ocrx_word' id='word_1_307' title='bbox 838 3737 956 3792; x_wconf 77' lang='lat' dir='ltr'>sule</span> <span class='ocrx_word' id='word_1_308' title='bbox 971 3738 1209 3792; x_wconf 78' lang='lat' dir='ltr'>decessit.</span> <span class='ocrx_word' id='word_1_309' title='bbox 1248 3738 1489 3793; x_wconf 84' lang='lat' dir='ltr'>Putidam</span> <span class='ocrx_word' id='word_1_310' title='bbox 1515 3758 1639 3793; x_wconf 84' lang='lat' dir='ltr'>sane</span> <span class='ocrx_word' id='word_1_311' title='bbox 1661 3740 1935 3793; x_wconf 84' lang='lat' dir='ltr'>Ciceronis</span> <span class='ocrx_word' id='word_1_312' title='bbox 1960 3740 2316 3814; x_wconf 79' lang='lat' dir='ltr'>diligentiam3</span> <span class='ocrx_word' id='word_1_313' title='bbox 2352 3742 2504 3812; x_wconf 87' lang='lat' dir='ltr'>quasi</span> <span class='ocrx_word' id='word_1_314' title='bbox 2531 3744 2653 3813; x_wconf 86' lang='lat' dir='ltr'>quis</span> <span class='ocrx_word' id='word_1_315' title='bbox 2677 3744 2733 3795; x_wconf 89' lang='lat' dir='ltr'>in</span> <span class='ocrx_word' id='word_1_316' title='bbox 2757 3743 3028 3815; x_wconf 80' lang='lat' dir='ltr'>provincia</span> 
     </span>
     <span class='ocr_line' id='line_1_34' title="bbox 837 3823 3026 3883; baseline 0.003 -6"><span class='ocrx_word' id='word_1_317' title='bbox 837 3835 1104 3877; x_wconf 86' lang='lat' dir='ltr'>mortuum</span> <span class='ocrx_word' id='word_1_318' title='bbox 1150 3823 1446 3878; x_wconf 84' lang='lat' dir='ltr'>crediturus</span> <span class='ocrx_word' id='word_1_319' title='bbox 1491 3837 1632 3878; x_wconf 82' lang='lat' dir='ltr'>essct</span> <span class='ocrx_word' id='word_1_320' title='bbox 1653 3827 1668 3876; x_wconf 83' lang='lat' dir='ltr'>l</span> <span class='ocrx_word' id='word_1_321' title='bbox 1716 3826 1829 3878; x_wconf 82' lang='lat' dir='ltr'>Hoc</span> <span class='ocrx_word' id='word_1_322' title='bbox 1883 3825 2016 3879; x_wconf 82' lang='lat' dir='ltr'>vidit</span> <span class='ocrx_word' id='word_1_323' title='bbox 2075 3827 2354 3882; x_wconf 65' lang='lat' dir='ltr'>Molles-us.</span> <span class='ocrx_word' id='word_1_324' title='bbox 2400 3826 2546 3881; x_wconf 88' lang='lat' dir='ltr'>Idem</span> <span class='ocrx_word' id='word_1_325' title='bbox 2594 3829 2736 3883; x_wconf 86' lang='lat' dir='ltr'>addit</span> <span class='ocrx_word' id='word_1_326' title='bbox 2781 3833 3026 3883; x_wconf 66' lang='lat' dir='ltr'>decedam</span> 
     </span>
     <span class='ocr_line' id='line_1_35' title="bbox 840 3905 3025 3981; baseline 0.001 -20"><span class='ocrx_word' id='word_1_327' title='bbox 840 3909 905 3961; x_wconf 91' lang='lat' dir='ltr'>de</span> <span class='ocrx_word' id='word_1_328' title='bbox 941 3905 1074 3958; x_wconf 86' lang='lat' dir='ltr'>urbe</span> <span class='ocrx_word' id='word_1_329' title='bbox 1109 3906 1274 3957; x_wconf 87' lang='lat' dir='ltr'>Roma</span> <span class='ocrx_word' id='word_1_330' title='bbox 1313 3907 1360 3960; x_wconf 84' lang='lat' dir='ltr'>si</span> <span class='ocrx_word' id='word_1_331' title='bbox 1394 3907 2042 3980; x_wconf 81' lang='lat' dir='ltr'>accipiatur‚ineptiorem</span> <span class='ocrx_word' id='word_1_332' title='bbox 2076 3909 2188 3961; x_wconf 85' lang='lat' dir='ltr'>fieri</span> <span class='ocrx_word' id='word_1_333' title='bbox 2225 3928 2460 3966; x_wconf 81' lang='lat' dir='ltr'>sensum,</span> <span class='ocrx_word' id='word_1_334' title='bbox 2495 3912 2693 3966; x_wconf 84' lang='lat' dir='ltr'>Verum</span> <span class='ocrx_word' id='word_1_335' title='bbox 2728 3926 2830 3968; x_wconf 82' lang='lat' dir='ltr'>est.</span> <span class='ocrx_word' id='word_1_336' title='bbox 2871 3912 3025 3981; x_wconf 82' lang='lat' dir='ltr'>Quod</span> 
     </span>
     <span class='ocr_line' id='line_1_36' title="bbox 838 3989 3027 4071; baseline 0.002 -25"><span class='ocrx_word' id='word_1_337' title='bbox 838 3992 1098 4046; x_wconf 72' lang='lat' dir='ltr'>Mullerus</span> <span class='ocrx_word' id='word_1_338' title='bbox 1121 3989 1455 4044; x_wconf 76' lang='lat' dir='ltr'>scribendum</span> <span class='ocrx_word' id='word_1_339' title='bbox 1494 3992 1717 4054; x_wconf 83' lang='lat' dir='ltr'>suadet,</span> <span class='ocrx_word' id='word_1_340' title='bbox 1747 3993 2042 4065; x_wconf 73' lang='lat' dir='ltr'>proesectus,</span> <span class='ocrx_word' id='word_1_341' title='bbox 2070 4011 2179 4046; x_wconf 89' lang='lat' dir='ltr'>non</span> <span class='ocrx_word' id='word_1_342' title='bbox 2206 3995 2341 4047; x_wconf 87' lang='lat' dir='ltr'>bene</span> <span class='ocrx_word' id='word_1_343' title='bbox 2359 3995 2567 4051; x_wconf 80' lang='lat' dir='ltr'>defendi</span> <span class='ocrx_word' id='word_1_344' title='bbox 2594 4011 2790 4071; x_wconf 87' lang='lat' dir='ltr'>potest,</span> <span class='ocrx_word' id='word_1_345' title='bbox 2808 3998 2951 4070; x_wconf 87' lang='lat' dir='ltr'>quod</span> <span class='ocrx_word' id='word_1_346' title='bbox 2975 4003 3027 4050; x_wconf 79' lang='lat' dir='ltr'>in</span> 
     </span>
     <span class='ocr_line' id='line_1_37' title="bbox 831 4075 3032 4156; baseline 0.002 -26"><span class='ocrx_word' id='word_1_347' title='bbox 831 4081 1151 4152; x_wconf 70' lang='lat' dir='ltr'>provinciam</span> <span class='ocrx_word' id='word_1_348' title='bbox 1176 4076 1417 4129; x_wconf 75' lang='lat' dir='ltr'>decedes-e</span> <span class='ocrx_word' id='word_1_349' title='bbox 1436 4094 1543 4130; x_wconf 90' lang='lat' dir='ltr'>non</span> <span class='ocrx_word' id='word_1_350' title='bbox 1574 4075 1729 4130; x_wconf 84' lang='lat' dir='ltr'>facile</span> <span class='ocrx_word' id='word_1_351' title='bbox 1755 4077 1954 4131; x_wconf 87' lang='lat' dir='ltr'>dictum</span> <span class='ocrx_word' id='word_1_352' title='bbox 1979 4077 2300 4149; x_wconf 86' lang='lat' dir='ltr'>reperietur,</span> <span class='ocrx_word' id='word_1_353' title='bbox 2335 4099 2508 4154; x_wconf 84' lang='lat' dir='ltr'>neque</span> <span class='ocrx_word' id='word_1_354' title='bbox 2541 4082 2671 4136; x_wconf 82' lang='lat' dir='ltr'>satis</span> <span class='ocrx_word' id='word_1_355' title='bbox 2700 4082 3032 4156; x_wconf 81' lang='lat' dir='ltr'>proconsulis</span> 
     </span>
     <span class='ocr_line' id='line_1_38' title="bbox 839 4158 3030 4252; baseline 0.003 -37"><span class='ocrx_word' id='word_1_356' title='bbox 839 4174 895 4215; x_wconf 87' lang='lat' dir='ltr'>et</span> <span class='ocrx_word' id='word_1_357' title='bbox 917 4160 1147 4233; x_wconf 71' lang='lat' dir='ltr'>praefecti</span> <span class='ocrx_word' id='word_1_358' title='bbox 1165 4158 1395 4231; x_wconf 77' lang='lat' dir='ltr'>dignitas</span> <span class='ocrx_word' id='word_1_359' title='bbox 1422 4160 1791 4235; x_wconf 84' lang='lat' dir='ltr'>distinguitur.</span> <span class='ocrx_word' id='word_1_360' title='bbox 1821 4162 2020 4216; x_wconf 87' lang='lat' dir='ltr'>Verum</span> <span class='ocrx_word' id='word_1_361' title='bbox 2047 4159 2316 4218; x_wconf 85' lang='lat' dir='ltr'>lenissima</span> <span class='ocrx_word' id='word_1_362' title='bbox 2331 4168 2620 4252; x_wconf 83' lang='lat' dir='ltr'>mutatione</span> <span class='ocrx_word' id='word_1_363' title='bbox 2644 4167 2877 4241; x_wconf 77' lang='lat' dir='ltr'>profecto</span> <span class='ocrx_word' id='word_1_364' title='bbox 2901 4167 3030 4223; x_wconf 84' lang='lat' dir='ltr'>scri-</span> 
     </span>
     <span class='ocr_line' id='line_1_39' title="bbox 839 4243 2294 4310; baseline 0.001 -11"><span class='ocrx_word' id='word_1_365' title='bbox 839 4243 1070 4299; x_wconf 87' lang='lat' dir='ltr'>bendum</span> <span class='ocrx_word' id='word_1_366' title='bbox 1091 4260 1300 4310; x_wconf 82' lang='lat' dir='ltr'>censeo,</span> <span class='ocrx_word' id='word_1_367' title='bbox 1328 4256 1381 4299; x_wconf 88' lang='lat' dir='ltr'>et</span> <span class='ocrx_word' id='word_1_368' title='bbox 1406 4246 1858 4300; x_wconf 79' lang='lat' dir='ltr'>commodissimus</span> <span class='ocrx_word' id='word_1_369' title='bbox 1888 4264 2078 4300; x_wconf 76' lang='lat' dir='ltr'>sensus</span> <span class='ocrx_word' id='word_1_370' title='bbox 2110 4246 2294 4301; x_wconf 82' lang='lat' dir='ltr'>exibit.</span> 
     </span>
    </p>
   </div>
  </div>
 </body>
</html>
