3367 5417
1483 541 1611 590 xm

446 668 655 728 scunt
702 668 778 726 et
818 652 1041 728 literae
1084 670 1416 753 artesque
1466 655 1983 728 deflorescunt.
2041 654 2158 725 Sic
2200 653 2656 730 mediocritas

442 785 579 857 ista
604 784 1201 882 Panegyricorum
1236 785 1476 859 seculo
1503 786 1742 884 potius
1779 807 1986 884 quam
2022 784 2384 857 hominum
2417 785 2646 881 c'ulpoe

443 910 662 986 tribui
705 909 946 984 debet.
1003 913 1187 984 Vitia
1221 913 1407 984 enim
1440 914 1985 1010 imperatorum,
2035 908 2228 983 bella
2272 913 2646 998 continua,

446 1040 838 1114 invasiones
878 1040 1373 1130 barbarorum,
1422 1044 1852 1140 direptiones
1895 1065 2138 1114 rerum
2183 1042 2648 1140 privatarum,

443 1167 714 1241 ineerta
761 1141 1052 1265 prorsus
1091 1168 1252 1243 vitae
1295 1167 1608 1241 conditio
1658 1166 1983 1239 homines
2024 1181 2176 1238 tum
2228 1168 2299 1238 in
2337 1167 2653 1239 miserri-

443 1317 633 1365 mum
662 1306 921 1366 statum
948 1293 1483 1393 depresserant,
1530 1309 1605 1366 et
1644 1292 1865 1366 literae
1897 1317 2043 1365 non
2087 1293 2244 1365 sine
2274 1294 2539 1365 timore
2576 1308 2651 1364 ct

442 1419 795 1492 anxietate
849 1415 991 1493 coli
1053 1438 1411 1517 poterant.
1467 1422 1649 1494 Cum
1715 1436 1947 1493 autem
2022 1422 2350 1518 princeps
2413 1420 2650 1491 bonus

442 1571 604 1619 raro
645 1546 736 1620 ad
777 1548 1145 1645 imperium
1191 1550 1623 1646 perveniret,
1665 1547 1960 1645 plurimi
1990 1572 2164 1620 vero
2206 1572 2452 1620 eorum
2483 1545 2651 1618 ieris

442 1682 685 1740 essent
750 1666 1125 1739 similiores
1189 1691 1398 1765 quam
1453 1664 1900 1751 hominibus,
1968 1690 2212 1737 omnes
2270 1666 2482 1754 aden,
2532 1666 2650 1763 qui

447 1808 725 1866 tantum
753 1818 895 1866 non
923 1792 1245 1865 facinora
1278 1793 1613 1865 continua
1644 1791 2048 1890 patrabant,
2078 1793 2344 1889 populo
2377 1792 2651 1890 accepti

445 1917 729 1990 fuerunt
780 1933 854 1991 et
890 1918 1063 1990 mire
1094 1916 1390 2005 laudati,
1446 1934 1776 2015 tanquam
1806 1941 1847 1989 a
1884 1917 2019 1989 diis
2071 1919 2293 2004 missi,
2333 1918 2435 1990 uti
2473 1918 2653 1991 leni-

443 2056 608 2112 rent
658 2040 981 2113 miseram
1047 2039 1456 2112 mortalium
1519 2055 1812 2112 sortem.
1875 2041 2118 2134 Quare
2195 2043 2654 2138 panegyricos

438 2164 868 2237 Maximiano
909 2162 1271 2237 Herculeo
1304 2164 1537 2237 dictos
1571 2161 1683 2237 vel
1715 2165 2139 2237 Constantio
2191 2180 2264 2237 et
2303 2157 2651 2239 Constan'-

448 2290 594 2362 tino
645 2314 793 2362 non
849 2290 1125 2388 ineptas
1183 2288 1735 2364 declamationes
1795 2305 1919 2362 aut
1983 2290 2154 2364 viles
2206 2289 2647 2364 adulationes

444 2414 972 2514 appellaverim,
1008 2415 1138 2492 sed
1164 2417 1568 2513 gratissimo
1596 2417 1835 2488 animo
1864 2431 2079 2515 atque
2108 2416 2382 2489 sincere
2410 2417 2655 2514 ingen·

446 2558 555 2616 tes
571 2542 813 2617 laudes
843 2543 955 2616 his
982 2542 1529 2641 imperatoribus
1558 2560 1725 2616 sunt
1758 2543 2067 2616 tributae.
2105 2546 2387 2616 Eminet
2416 2562 2652 2619 autem

447 2673 633 2744 inter
677 2687 958 2744 ceteros
1004 2672 1516 2769 Panegyricus
1566 2673 1860 2771 quintas
1929 2673 2075 2745 sive
2128 2655 2655 2772 Epzlhalamz'as

445 2792 899 2865 Maximiano
948 2803 1020 2863 et
1073 2791 1529 2866 Constantino
1573 2796 1649 2867 in
1695 2791 1903 2891 hujus
1947 2804 2020 2863 et
2055 2796 2345 2866 Fausta:
2373 2798 2655 2895 nuptiis

446 2912 706 3006 dcl-lus,
751 2929 901 2987 tum
938 2917 1277 2987 Eumenii
1294 2938 1440 3014 pra
1480 2910 1974 2986 restaurandis
2015 2911 2267 2986 scholis
2313 2918 2541 2987 oracio
2579 2932 2654 2989 et

447 3036 743 3112 Claudii
782 3035 1206 3111 Mamertini
1254 3038 1761 3138 Panegyricus
1803 3039 2246 3110 Maximiano
2300 3041 2654 3112 Herculeo

448 3161 704 3234 dictas.

548 3286 734 3374 Sed,
802 3311 896 3359 ne
940 3288 1010 3359 in
1068 3286 1420 3360 infinitum
1479 3309 1807 3386 campum
1858 3291 2087 3361 oratio
2154 3313 2308 3361 mea
2372 3313 2663 3385 vagare-

451 3425 612 3497 tur,
666 3413 1039 3482 terminum
1073 3410 1287 3508 hujus
1342 3412 1508 3485 libri
1558 3412 1891 3485 constitui
1930 3416 2024 3509 Q.
2068 3411 2309 3485 Aurel.
2347 3411 2656 3510 Symma-

452 3532 692 3625 chum,
728 3536 917 3632 quia
946 3536 1197 3627 primo,
1235 3562 1447 3634 quem
1475 3540 1827 3626 novimus,
1865 3552 2149 3609 oratore
2178 3534 2343 3634 plus
2370 3560 2659 3609 sexcen-

455 3673 691 3729 torum
740 3680 1094 3730 annorum
1150 3661 1375 3756 spatio
1432 3676 1827 3755 separatur.
1882 3663 2095 3743 Nam,
2141 3674 2219 3730 ut
2259 3660 2437 3733 duos
2499 3684 2655 3733 aevo

455 3782 637 3853 inter
712 3805 870 3854 sese
932 3783 1442 3856 remotissimos
1514 3807 1931 3882 componam
1962 3839 1981 3872 ,
2063 3785 2328 3883 Appius
2403 3769 2655 3860 Caecus

454 3907 841 3979 orationem
891 3907 981 3980 de
1032 3907 1309 4006 Pyrrho
1367 3932 1430 3981 a.
1485 3910 1573 3982 U.
1634 3911 1774 3985 474
1829 3908 2073 3982 habuit
2106 3963 2126 4000 ,
2177 3913 2269 4005 Q.
2328 3911 2655 3984 Aurelius

456 4029 914 4124 Symmachus
941 4032 1453 4106 actiones'suas
1484 4031 1774 4132 reliquit
1805 4034 2005 4105 initio
2049 4032 2266 4106 seculi
2299 4033 2655 4106 undecimi

455 4152 669 4224 Urbis
710 4153 976 4245 Romae,
1019 4174 1278 4253 quarto
1310 4175 1470 4255 post
1506 4158 1893 4231 Christum.
1950 4159 2061 4230 Sic
2101 4184 2228 4254 per
2259 4183 2382 4230 sex
2418 4158 2655 4231 secula
