3367 5417
1821 449 1961 526 268

782 589 882 650 lta
906 587 1075 650 enim
1102 587 1295 664 multa
1326 598 1453 648 tum
1482 598 1707 651 contra
1737 589 2039 671 scriptum
2065 605 2180 669 pro
2207 604 2379 667 aequo
2407 598 2473 649 et
2501 586 2667 650 bono
2695 586 2889 662 dixit,
2924 602 2998 653 nt

780 687 1090 750 hominem
1120 683 1564 764 acutissimum,
1586 689 1670 771 Q.
1697 688 2056 759 Scaevolam,
2079 687 2230 750 etin
2250 686 2412 771 jure,
2433 687 2498 748 in
2524 708 2649 768 qno
2671 685 2782 753 illa
2806 710 2999 754 causa

780 787 1169 863 vertebatur,
1189 788 1670 872 paratissimum,
1694 790 1997 852 obrueret
2016 801 2520 869 argumentorum
2540 791 2999 873 exemplorum·

779 909 898 971 que
924 887 1130 973 copia,
1166 901 1350 970 atque
1377 890 1467 953 its
1497 903 1627 954 tum
1655 890 1736 953 ab
1765 892 1864 953 his
1890 887 2177 974 patronis
2214 889 2577 971 aequalibus,
2608 890 2798 953 etiam
2840 910 2991 953 con·

779 986 1112 1064 sularibus,
1154 1006 1342 1049 causa
1373 983 1482 1047 illa
1509 986 1678 1049 dicta
1707 1001 1826 1063 est,
1865 1007 2008 1050 cum
2043 1000 2308 1069 uterque
2348 1007 2426 1048 ex
2465 988 2787 1050 contraria
2812 998 2992 1070 parte

768 1083 871 1168 jus
893 1084 1080 1147 civile
1110 1083 1495 1155 defenderet,
1531 1095 1603 1144 ut
1641 1081 2068 1167 eloquentium
2103 1082 2675 1166 jurisperitissimus
2707 1082 2987 1155 Crassus,

765 1183 1271 1268 jurisperitorum
1291 1183 1837 1265 eloquentissimus
1858 1183 2135 1250 Scoevola
2159 1195 2512 1268 putaretur.

859 1284 1024 1347 Ibid.
1065 1303 1123 1346 c.
1168 1283 1286 1347 52:
1326 1284 1588 1368 Nee-res
1618 1284 1744 1346 ulla
1782 1285 1922 1367 plus
1965 1285 2125 1365 apud
2167 1281 2411 1346 animos
2452 1282 2771 1345 hominum
2808 1301 2994 1363 quam

772 1384 927 1446 ordo
966 1394 1032 1445 et
1069 1394 1329 1446 ornatus
1356 1382 1660 1446 orationis
1686 1383 1875 1446 valet.
1928 1383 2143 1466 Quare
2171 1383 2321 1465 quis
2339 1402 2416 1445 ex
2443 1379 2708 1466 populo,
2737 1399 2881 1444 eum
2904 1381 2985 1464 Q.

774 1485 1115 1550 Scaevolam
1142 1502 1257 1566 pro
1286 1486 1375 1548 M.
1396 1484 1675 1567 Coponio
1705 1486 2021 1549 dicentem
2051 1485 2330 1563 audiret,
2370 1484 2705 1567 quidquam
2734 1480 2990 1566 politius

775 1594 883 1644 aut
909 1582 1256 1661 elegantius
1282 1593 1389 1643 aut
1416 1581 1670 1645 omnino
1698 1584 1918 1646 melius
1945 1594 2053 1645 aut
2081 1592 2475 1665 exspectaret
2498 1594 2605 1642 aut
2642 1600 2824 1663 posse
2853 1578 2991 1643 fieri

775 1693 1026 1763 putaret
1044 1679 1075 1741 ἶ)
1102 1680 1259 1744 Cum
1288 1678 1343 1743 is
1369 1683 1490 1745 boc
1518 1680 1791 1764 probare
1815 1683 2028 1757 vellet,
2063 1683 2171 1744 Μ’.
2193 1681 2476 1755 Curium,
2501 1700 2643 1744 cum
2679 1680 2771 1742 ita
2806 1679 2992 1744 heres

774 1777 1091 1840 institutus
1125 1791 1309 1851 esset,
1341 1774 1396 1839 si
1432 1778 1704 1861 pupillus
1740 1791 1887 1842 ante
1925 1790 2205 1842 mortuus
2248 1792 2432 1855 esset,
2475 1798 2657 1861 quam
2701 1774 2772 1839 in
2814 1797 2991 1840 suam

776 1877 1032 1940 tutelam
1051 1875 1349 1953 venisset,
1369 1876 1607 1962 pupillo
1631 1899 1758 1943 non
1790 1893 1936 1942 nato
1960 1882 2260 1944 heredem
2282 1900 2415 1943 esse
2443 1899 2570 1943 non
2603 1898 2814 1963 posse3
2843 1879 2990 1960 quid

775 1980 885 2044 ille
913 1999 1039 2043 non
1069 1980 1230 2041 dixit
1255 1983 1340 2044 de
1355 1993 1869 2045 testamentorum
1883 1982 2053 2064 jure,
2073 1984 2151 2060 de
2172 1982 2445 2064 antiquis
2460 1979 2789 2045 formulis?
2817 1981 2988 2062 quid,

776 2081 1285 2163 quemadmodum
1313 2079 1510 2145 scribi
1545 2083 1944 2167 oportuisset,
1993 2080 2047 2146 si
2090 2082 2278 2145 etiam
2308 2081 2435 2144 filio
2466 2102 2594 2146 non
2628 2094 2777 2145 nato
2807 2080 2995 2144 heres

772 2182 1210 2246 institueretur
1225 2180 1456 2262 'x’quam
1480 2180 1824 2266 captiosum
1852 2203 1988 2245 esse
2013 2184 2265 2266 populo,
2293 2183 2455 2265 quod
2476 2183 2779 2266 scriptum
2800 2193 2987 2259 esset,

774 2280 1009 2363 negligi
1035 2294 1101 2345 et
1128 2281 1419 2363 opinione
1449 2282 1642 2363 quaeri
1667 2283 2015 2345 voluntates
2055 2296 2120 2345 et
2161 2281 2688 2367 interpretatione
2722 2281 2985 2344 diserto·

775 2400 918 2443 rum
957 2376 1192 2461 scripta
1232 2378 1602 2463 simplicium
1643 2377 1964 2468 hominum
2003 2394 2368 2464 pervertere
2384 2379 2417 2443 f
2442 2401 2629 2464 quam
2657 2380 2761 2442 ille
2787 2378 2988 2443 multa

775 2480 856 2541 de
884 2474 1259 2541 auctoritate
1286 2476 1484 2561 patris
1510 2478 1627 2553 sui,
1663 2477 1767 2559 qui
1797 2486 2045 2560 semper
2074 2477 2177 2561 jus
2210 2478 2366 2541 illud
2403 2497 2538 2541 esse
2577 2475 2989 2540 defenderat?

775 2596 961 2658 qnam
1005 2576 1263 2638 omnino
1311 2574 1504 2636 multa
1550 2578 1628 2635 de
1674 2574 2104 2639 conservando
2144 2574 2288 2657 jure
2334 2571 2565 2637 civili?
2606 2576 2691 2636 At
2730 2591 2881 2635 vero
2917 2585 2988 2635 ut

778 2685 1000 2737 contra
1026 2672 1286 2735 Crassus
1314 2669 1393 2733 ab
1425 2669 1818 2735 adolescente
1847 2671 2136 2748 delicato,
2179 2672 2284 2753 qui
2325 2671 2395 2733 in
2433 2673 2622 2735 litore
2662 2669 2984 2732 ambulans

777 2770 1078 2832 scalmum
1104 2772 1439 2854 reperisset
1466 2770 1546 2834 ob
1572 2789 1835 2852 eamque
1857 2791 1987 2832 rem
2007 2769 2317 2834 aedifieare
2346 2790 2570 2833 navem
2593 2764 2984 2851 concupivis-

779 2883 901 2946 set,
944 2891 1204 2935 exorsus
1246 2885 1364 2949 est,
1406 2871 1698 2936 similiter
1737 2872 2071 2937 Soezvolam
2114 2892 2193 2934 ex
2230 2892 2355 2936 uno
2397 2871 2632 2934 scalmo
2681 2868 2986 2953 captionis

767 2972 1219 3034 centumvirale
1255 2970 1552 3052 judicium
1593 2971 1961 3034 hereditatis
2001 2969 2311 3045 effecisse,
2366 2971 2489 3033 hoc
2529 2970 2600 3031 in
2647 2970 2758 3031 illo
2802 2969 2985 3033 initio

765 3083 1137 3133 consecutus
1160 3068 1374 3134 multis
1402 3071 1677 3152 ejusdem
1704 3073 1958 3151 generis
1986 3068 2315 3135 sententiis
2345 3069 2687 3132 delectavit
2722 3065 2989 3132 animos·

763 3185 883 3248 que
912 3167 1209 3241 omnium,
1240 3170 1346 3249 qui
1380 3170 1664 3244 aderaut,
1691 3169 1760 3230 in
1798 3169 2183 3232 hilaritatem
2221 3189 2259 3230 a
2296 3169 2641 3230 severitate
2682 3167 2979 3229 traduxit.

577 3239 709 3314 ¹54
764 3269 1010 3330 Deinde
1035 3270 1155 3331 hoc
1181 3271 1446 3333 voluisse
1474 3291 1640 3345 eum,
1665 3272 1769 3350 qui
1794 3284 2228 3333 testamentum
2250 3270 2512 3345 fecisset,
2540 3270 2662 3331 hoc
2681 3270 2971 3344 sensisse,

766 3385 1010 3448 quoquo
1037 3369 1219 3431 modo
1247 3367 1412 3429 lilius
1442 3388 1566 3429 non
1596 3379 1786 3442 esset,
1812 3369 1917 3449 qui
1947 3368 2015 3429 in
2041 3387 2213 3429 suam
2245 3368 2506 3429 tutelam
2535 3368 2811 3440 veniret,
2849 3363 2982 3430 sive

766 3481 893 3525 non
925 3475 1106 3526 natus
1136 3461 1271 3526 sive
1298 3477 1446 3528 ante
1472 3478 1770 3536 mortuuS,
1799 3465 2024 3528 Curius
2052 3466 2238 3529 heres
2262 3478 2332 3526 ut
2358 3478 2558 3527 esset:
2586 3463 2679 3526 ita
2699 3464 2983 3527 scribere

763 3561 1094 3643 plerosque
1121 3573 1184 3622 et
1211 3560 1277 3622 id
1305 3563 1518 3625 valere
1537 3575 1612 3623 et
1635 3562 1906 3624 valuisse
1928 3583 2192 3646 semper.
2219 3562 2463 3625 Deinde
2489 3581 2731 3643 aequum
2752 3562 2983 3625 bonum

764 3671 1279 3721 testamentorum
1309 3661 1655 3721 sententias
1677 3661 2158 3742 voluntatesque
2189 3670 2423 3721 tutatus
2449 3671 2583 3734 est3
2621 3669 2861 3741 quanta
2892 3678 2982 3722 ὅ·

773 3771 870 3822 set
896 3760 964 3821 in
993 3760 1205 3824 verbis
1233 3760 1441 3843 captio
1468 3780 1610 3822 cum
1636 3762 1706 3823 in
1736 3763 1959 3824 ceteris
1988 3762 2176 3825 rebus
2210 3775 2340 3824 tum
2378 3762 2447 3824 in
2482 3761 2898 3837 testamentis,
2928 3760 2981 3823 si

772 3856 1245 3937 negligerentur
1269 3858 1624 3920 voluntates
1637 3885 1658 3937 5
1689 3871 1989 3939 quantam
2015 3858 2136 3920 sibi
2158 3857 2502 3941 potentiam
2524 3856 2801 3922 scaevola
2828 3876 2985 3919 am·

767 3969 989 4028 meret,
1015 3952 1071 4017 si
1100 3975 1280 4018 nemo
1307 3957 1559 4018 auderet
1588 3968 2021 4018 testamentum
2050 3957 2259 4019 facere
2288 3969 2503 4039 postea
2531 3956 2653 4019 nisi
2691 3956 2772 4019 de
2807 3952 2978 4017 illius

763 4052 1102 4113 sententia.
1127 4052 1272 4113 Haec
1291 4071 1431 4114 cum
1449 4052 1733 4132 graviter
1755 4066 1882 4114 tum
1905 4054 1983 4115 ab
2004 4050 2300 4136 exemplis
2319 4053 2584 4135 copiose,
2608 4065 2741 4115 tum
2768 4053 2965 4123 varie,

765 4163 896 4214 tum
922 4154 1114 4216 etiam
1143 4153 1405 4217 ridicule
1433 4169 1497 4217 et
1521 4154 1719 4218 facete
1747 4156 2068 4237 explicans
2095 4175 2236 4218 eam
2262 4154 2744 4217 admirationem
2772 4171 2979 4218 assen-

761 4251 1124 4335 sionemque
1147 4257 1505 4329 commovit,
1531 4257 1758 4321 dixisse
1780 4271 1850 4320 ut
1870 4272 2094 4322 contra
2117 4278 2298 4366 xi'emo
2319 4254 2667 4320 videretur.
