3367 5417
496 579 632 643 Cic.
659 577 754 638 De
775 588 936 639 orat.
965 577 1081 648 ΙΙΙ,
1117 577 1139 636 1
1170 598 1188 640 =
1214 574 1582 659 Deploravit
1611 575 1716 637 illo
1737 574 1840 638 die
1863 593 2072 638 casum
2088 589 2270 657 atque
2284 573 2621 639 orbitatem

410 690 679 753 senatus,
704 672 882 755 cujus
904 674 1141 738 ordinis
1170 695 1206 737 a
1232 675 1505 750 consule,
1534 674 1641 756 qui
1660 673 1834 755 quasi
1857 693 2085 755 parens
2098 672 2300 736 bonus
2322 688 2429 736 aut
2450 687 2620 738 tutor

408 773 607 836 tidelis
632 793 766 835 esse
791 771 1070 846 deberet,
1122 786 1413 854 tanquam
1444 771 1523 835 ab
1554 773 1764 853 aliquo
1792 770 2033 834 nefiario
2063 772 2355 854 praedoue
2389 772 2621 854 diripe·

409 883 586 935 retur
615 867 1057 953 patrimonium
1088 870 1406 950 dignitatis
1456 893 1472 932 t
1508 891 1709 950 neque
1737 890 1889 932 vero
1918 888 2051 931 esse
2088 870 2479 944 mirandum,
2518 869 2604 937 si,

409 989 551 1032 eum
581 968 708 1029 suis
737 964 1012 1029 consiliis
1038 967 1488 1050 rempublicam
1518 966 1935 1051 profligasset,
1995 964 2323 1034 consilium
2363 978 2616 1028 senatus

413 1090 450 1130 a
480 1068 805 1149 republica
835 1067 1221 1151 repudiaret.
1258 1067 1380 1130 Hic
1407 1087 1549 1131 cum
1579 1064 1818 1130 homini
1842 1080 1908 1129 et
1932 1066 2287 1129 vehementi
2307 1078 2371 1127 et
2392 1067 2629 1128 diserto

410 1181 475 1231 et
504 1169 570 1230 in
599 1163 818 1251 primis
845 1168 993 1230 sorti
1021 1170 1101 1230 ad
1130 1168 1541 1231 resistendum
1571 1167 1861 1251 Philippo
1891 1168 2067 1249 quasi
2094 1168 2390 1249 quasdam
2410 1165 2630 1228 verbo·

410 1289 550 1332 rum
575 1269 743 1332 faces
771 1270 1165 1344 admovisset,
1201 1291 1328 1332 non
1354 1271 1499 1333 tulit
1528 1271 1633 1333 ille
1675 1282 1741 1334 et
1779 1273 2063 1349 graviter
2090 1269 2323 1332 exarsit
2348 1265 2629 1352 pignori-

415 1371 650 1451 busque
679 1368 910 1434 ablatis
937 1372 1227 1436 Crassum
1270 1373 1542 1435 institnit
1571 1391 1895 1435 coercere.
1922 1373 2063 1451 Quo
2100 1372 2346 1454 quidem
2386 1369 2524 1453 ipso
2564 1371 2629 1432 in

411 1472 548 1536 loco
575 1473 765 1534 multa
798 1494 837 1536 a
858 1474 1085 1536 Crasso
1116 1475 1421 1537 divinitus
1449 1474 1618 1538 dicta
1644 1475 2095 1547 efferebantur,
2129 1493 2270 1535 cum
2305 1472 2426 1536 sibi
2456 1469 2630 1534 illum

412 1569 727 1632 consulem
756 1589 889 1633 esse
921 1582 1202 1648 negaret,
1246 1572 1347 1633 cui
1376 1585 1630 1633 senator
1660 1569 1796 1654 ipse
1831 1592 1960 1633 non
1989 1585 2170 1633 esset.
2213 1570 2323 1629 An
2360 1584 2455 1644 eu,
2487 1591 2628 1628 cum

407 1691 658 1731 omnem
685 1677 1108 1732 auctoritatem
1139 1677 1403 1733 universi
1424 1675 1667 1733 ordinis
1678 1694 1798 1753 pro
1811 1677 2073 1753 pignore
2081 1675 2345 1751 pmart’S,
2368 1690 2627 1755 eamque

408 1771 470 1826 in
496 1784 820 1846 conspectu
833 1767 1055 1846 populi
1086 1768 1349 1829 Romani
1369 1770 1738 1844 concideris,
1768 1791 1872 1829 me
1892 1769 1992 1829 Itis
2016 1766 2379 1849 pignoribus
2409 1771 2622 1828 evisa·-

414 1887 551 1927 mas
578 1887 760 1945 posse
786 1872 1015 1927 terreri
1023 1868 1054 1925 ?
1082 1867 1213 1929 Non
1227 1868 1344 1927 tibi
1376 1870 1484 1929 illa
1509 1884 1644 1930 sune
1670 1870 1986 1942 ceadenda,
2017 1874 2076 1929 si
2097 1869 2173 1929 L.
2210 1868 2500 1932 Crassum
2528 1872 2629 1926 vis

413 1982 698 2022 met-cere
720 1987 741 2021 .-
774 1961 908 2022 laec
939 1963 1058 2022 tibi
1089 1978 1183 2024 ese
1217 1966 1565 2024 excidenda
1591 1965 1803 2045 lingua
1820 1990 1846 2037 ,·
1873 1987 1992 2049 qua
2020 1964 2129 2024 vel
2147 1964 2376 2037 evulsa,
2407 1967 2564 2042 spiri
2567 1976 2628 2021 tu

413 2062 550 2136 ipso
577 2059 890 2120 libidinem
918 2075 1089 2119 tuam
1116 2060 1365 2123 libertas
1394 2083 1536 2122 mea
1562 2063 1854 2142 refeseabit
1874 2061 1902 2121 Ι
1939 2062 2258 2126 Permulta
2287 2073 2417 2123 tum
2442 2061 2627 2123 velie·

410 2157 794 2219 mentissima
822 2156 1228 2222 contentione
1266 2156 1484 2235 animi,
1525 2159 1788 2239 ingenii,
1825 2156 2056 2222 virium
2085 2159 2166 2221 ab
2193 2180 2268 2224 eo
2294 2161 2466 2223 dicta
2491 2177 2627 2221 esse

411 2252 766 2329 constabat,
809 2254 1306 2336 sententiamque
1345 2276 1518 2330 eam,
1561 2277 1745 2337 quam
1776 2269 2029 2320 senatus
2054 2257 2349 2338 frequens
2376 2268 2625 2320 secums

410 2363 508 2415 est
533 2349 944 2416 ornatissimis
968 2365 1032 2414 et
1057 2352 1443 2435 gravissimis
1469 2355 1717 2419 verbis:
1759 2357 1841 2416 Ut
1883 2357 2110 2437 populo
2138 2358 2420 2418 Romano
2442 2361 2625 2417 sacis·

388 2452 608 2532 fieret,
650 2474 957 2535 nunquam
984 2471 1228 2516 senatus
1259 2477 1454 2541 neque
1489 2458 1811 2518 consilium
1844 2457 2195 2538 reipublicoe
2222 2458 2628 2542 neque—fidem

411 2552 704 2631 defhisse,
733 2551 813 2614 ab
834 2571 908 2615 eo
935 2552 1190 2631 dictam,
1213 2565 1279 2616 et
1296 2556 1579 2617 eumdem
1596 2555 1681 2640 (id
1702 2557 1863 2637 quod
1882 2555 1952 2618 in
1979 2552 2458 2619 auctoritatibus
2478 2574 2635 2639 prae-

409 2651 662 2733 scriptis
680 2653 909 2738 exstat)
933 2653 1271 2715 scribendo
1292 2654 1568 2716 affuisse.

493 2749 771 2835 Quintil.
795 2755 956 2829 vul,
998 2756 1062 2828 3,
1101 2756 1222 2817 89:
1273 2754 1435 2816 lllud
1474 2754 1728 2818 Crassi:
1762 2754 1898 2834 Ego
1944 2770 2005 2815 ee
2043 2755 2355 2815 consulem
2391 2768 2627 2833 putem,

415 2872 556 2912 cum
583 2865 644 2911 tu
672 2872 775 2912 me
797 2872 918 2913 non
940 2868 1118 2932 putes
1145 2868 1493 2914 senatorem
1514 2854 1547 2912 Ρ
1567 2890 1651 2902 -—-
1670 2856 1887 2918 Valer.
1927 2855 2093 2918 Max.
2118 2856 2226 2929 vl,
2264 2854 2331 2932 2,
2370 2854 2436 2928 2,
2465 2850 2631 2917 idem

417 2962 678 3014 narrat:
710 2948 844 3010 Non
869 2971 939 3011 es
963 2967 1048 3023 tu,
1089 2947 1327 3032 inquit,
1357 2950 1549 3029 mihi,
1585 2950 1909 3032 Philippa,
1951 2952 2191 3025 consul,
2228 2956 2371 3038 quia
2403 2974 2481 3013 ne
2511 2973 2632 3034 ego

415 3050 660 3138 quidem
691 3050 811 3112 eibi
836 3066 1090 3111 senator
1113 3072 1273 3112 sum.

509 3144 672 3239 [Non
700 3148 853 3215 satis
878 3150 1097 3234 liquet,
1131 3154 1296 3217 unde
1323 3153 1678 3237 desumptus
1706 3151 1792 3215 sit
1815 3150 2065 3234 integer
2093 3156 2376 3217 senarius
2389 3155 2457 3216 in
2485 3153 2625 3217 Cic.

416 3248 686 3312 Oratore
714 3270 775 3312 c.
799 3248 907 3312 66.
940 3250 1093 3332 Quoe
1115 3269 1260 3313 mox
1285 3247 1520 3314 ibidem
1545 3262 1912 3333 sequuntur,
1947 3271 2026 3314 ex
2067 3252 2371 3315 concione
2406 3262 2634 3315 contra

419 3350 781 3430 popularem
804 3350 1138 3415 factionem
1157 3351 1355 3436 petita
1383 3353 1628 3429 credas,
1657 3350 1780 3415 nisi
1810 3366 1956 3417 sunt
1981 3373 2060 3416 ex
2087 3352 2374 3417 oratione
2397 3354 2465 3416 in
2488 3352 2634 3415 Phi·

421 3442 682 3529 lippum.
713 3443 1005 3538 Ellendt]

424 3668 488 3727 9.
534 3679 753 3725 oni-no
784 3681 843 3724 ut
873 3680 938 3722 ι.
967 3679 1270 3725 common
1306 3684 1386 3727 nn
1421 3685 1799 3728 nennium
1831 3686 1997 3730 cuim
2025 3686 2140 3731 vm.
2169 3685 2283 3730 rno
2310 3664 2400 3729 ι’.
2426 3686 2631 3731 cmuo.
2698 3681 2831 3757 153

509 3870 689 3941 Dixit
721 3893 839 3958 pro
873 3875 959 3937 Μ.
981 3874 1263 3959 Coponio
1292 3879 1374 3962 Q.
1408 3876 1708 3942 Scaevola.
1756 3883 1918 3943 Acta
1942 3893 2036 3942 est
2066 3900 2250 3944 causa
2280 3900 2341 3942 a.
2366 3884 2452 3951 U.
2482 3880 2630 3955 661,

422 3975 503 4042 Τ.
527 3975 785 4042 Manilio
815 3990 1106 4059 praetorc.

501 4082 640 4144 Cic.
666 4075 845 4141 Brut.
876 4096 935 4139 c.
958 4077 1065 4152 39,
1097 4078 1257 4141 1452
1290 4077 1365 4140 ln
1396 4076 1903 4161 interpretando,
1938 4080 2006 4143 in
2035 4079 2413 4156 definiendo,
2436 4078 2508 4143 in
2535 4100 2641 4144 ex·

424 4179 712 4263 plicanda
742 4171 1031 4257 aeqnitate
1063 4172 1221 4238 nibil
1251 4189 1392 4239 erat
1417 4175 1645 4241 Crasso
1673 4177 2013 4258 copiosius,
2049 4180 2233 4262 idque
2259 4201 2445 4263 quum
2475 4199 2639 4263 soepe

427 4279 603 4352 alias,
637 4289 770 4340 tum
808 4273 970 4355 apud
1009 4271 1428 4340 centumviros
1465 4274 1534 4337 in
1571 4274 1676 4338 Μ’.
1707 4272 1887 4338 Curii
1925 4296 2109 4341 causa
2151 4276 2473 4359 cognitum
2510 4292 2630 4343 est.
