3367 5417
1808 457 1947 528 278

781 596 1028 660 conium
1051 595 1306 668 bostat,
1343 593 1707 669 vocabatur,
1740 606 1805 655 et
1824 592 2010 664 Stilo,
2038 592 2213 680 quod
2236 592 2557 654 orationes
2596 588 2997 654 nobilissimo

780 691 1002 775 cuique
1047 691 1330 754 scribom
1378 690 1642 754 solebat.
1692 693 1927 754 Tantus
1964 692 2335 776 optimatum
2370 690 2579 749 fautor
2604 701 2763 760 erat,
2796 703 2865 749 ut
2895 690 2983 770 Q.

779 795 1094 856 Metellum
1120 790 1520 857 Numidicum
1542 794 1610 854 iu
1633 788 1895 856 exilium
1922 794 2248 855 comitatus
2272 791 2358 853 sit
2381 787 2478 871 (a.
2503 790 2587 855 U.
2618 787 2796 873 653).

863 895 999 957 Cic.
1033 897 1208 964 Brut.
1248 916 1308 959 c.
1344 897 1452 968 56,
1478 894 1601 957 205
1626 914 1645 954 z
1684 892 1885 958 Cotta:
1905 915 2026 973 pro
2049 914 2118 954 se
2135 893 2274 974 lege
2301 891 2501 955 Varia
2525 908 2662 973 (χω
2697 889 2984 954 inscribi·

777 1008 901 1071 tur,
925 1015 1062 1058 eam
1083 996 1160 1055 L.
1187 995 1396 1057 AEltus
1423 997 1673 1074 scripsit
1707 993 1897 1054 Couoe
1920 1010 2158 1077 rogatu.
2186 993 2325 1055 Fuit
2344 991 2401 1054 is
2419 990 2679 1054 omnino
2698 992 2796 1054 vir
2815 1013 2986 1072 egre·

773 1096 913 1173 gius
941 1107 1007 1156 et
1033 1113 1224 1176 eques
1247 1094 1562 1156 Romanus
1587 1111 1732 1154 cum
1760 1089 1981 1174 primis
2014 1095 2315 1156 honestus
2336 1091 2622 1171 idemque
2656 1091 2998 1153 eruditissi-

776 1210 910 1252 mus
956 1203 1023 1252 et
1047 1191 1290 1255 Graecis
1326 1189 1531 1253 literis
1572 1202 1637 1251 et
1675 1189 1957 1266 Latinis,
1997 1187 2515 1270 antiquitatisque
2564 1201 2895 1250 nosuae-et
2925 1190 2990 1250 in

774 1292 1049 1355 inventis
1083 1292 1269 1355 rebus
1295 1306 1361 1354 et
1407 1288 1476 1354 in
1512 1289 1672 1354 actis
1711 1292 2213 1375 scriptorumque
2240 1301 2521 1353 veterum
2551 1289 2806 1352 literate
2832 1289 2994 1371 peri·

777 1407 914 1456 tus:
953 1414 1134 1476 quem
1160 1393 1492 1460 scientiam
1521 1396 1731 1455 Varro
1769 1405 1983 1456 noster
2009 1407 2334 1478 acceptam
2368 1390 2455 1454 ab
2484 1393 2593 1455 illo
2626 1404 2991 1473 auctamque

775 1516 892 1578 pet·
918 1516 1074 1571 sese,
1115 1494 1217 1556 vir
1256 1492 1509 1575 ingenio
1554 1506 1863 1579 praestans
1906 1493 2202 1578 omnique
2245 1493 2559 1569 doctrina,
2591 1493 2880 1576 pluribus
2928 1506 2991 1556 et

773 1588 1215 1653 illustrioribus
1247 1588 1448 1654 literis
1471 1586 1842 1673 explicavit.
1873 1592 1997 1657 Sed
2025 1592 2191 1653 idem
2212 1583 2409 1654 AElius
2428 1590 2679 1654 Stoicus
2706 1610 2844 1653 oese
2885 1611 2987 1653 vo·

775 1687 915 1765 luit,
947 1703 1164 1754 orator
1190 1700 1395 1752 autem
1427 1709 1542 1750 nec
1560 1690 1794 1753 studuit
1813 1710 2080 1771 unquam
2097 1709 2214 1752 nec
2236 1684 2372 1750 fuit.
2405 1688 2734 1749 Scribebat
2756 1701 2986 1763 tamen,

773 1791 1108 1857 orationes,
1135 1808 1288 1871 quas
1310 1787 1432 1846 alii
1457 1786 1754 1863 dicerem,
1782 1803 1847 1847 ut
1872 1788 1953 1869 Q.
1980 1787 2229 1849 Metello
2252 1787 2315 1847 F
2317 1830 2365 1860 .,
2391 1802 2455 1845 ια
2482 1786 2563 1867 Q.
2594 1787 2897 1866 Caepioni,
2924 1802 2987 1846 ιιι

781 1884 862 1965 Q.
906 1883 1217 1962 Pompeio
1238 1884 1400 1964 Rufi>
1429 1875 1840 1966 :quamquam
1863 1885 1918 1946 is
1960 1885 2147 1948 etiam
2176 1882 2312 1967 ipse
2341 1880 2596 1965 scripsit
2615 1904 2743 1960 eas,
2778 1884 2998 1964 quibus

776 2005 894 2068 pro
917 2006 986 2048 se
1012 1997 1109 2048 est
1143 2005 1304 2060 uam,
1343 1985 1453 2047 sed
1487 2005 1614 2047 non
1642 1983 1780 2048 sine
1812 1986 1997 2048 AElio.
2044 1983 2165 2076 His
2205 1986 2374 2048 enim
2404 1984 2757 2047 scribendis
2799 1984 2991 2048 etiam

777 2085 906 2168 ipse
930 2082 1209 2158 interfui,
1250 2106 1389 2148 cum
1420 2106 1615 2150 essem
1643 2087 1810 2169 apud
1835 2086 2063 2149 AElium
2092 2086 2451 2150 adolescens
2486 2105 2750 2169 eumque
2777 2089 2994 2150 audire

774 2184 1048 2246 studiose
1093 2184 1380 2246 solerem.
1429 2182 1676 2248 Cottam
1719 2198 1925 2247 autem
1970 2186 2190 2260 miror,
2228 2205 2536 2249 summum
2563 2187 2762 2268 ipsum
2790 2198 3004 2250 orato·

780 2303 920 2344 rum
966 2282 1336 2363 minimeque
1365 2282 1673 2365 ineptum,
1728 2285 2021 2345 AElianas
2058 2285 2219 2347 leves
2269 2286 2677 2347 oratiunculas
2722 2286 2986 2348 voluisse

774 2375 1126 2442 existimari
1152 2398 1317 2442 suas.

596 2492 724 2562 ¹63
849 2529 916 2595 ο.
945 2525 1162 2581 uacuo
1184 2530 1288 2598 a]
1327 2528 1505 2583 inan.
1537 2530 1607 2597 Q.
1626 2529 1917 2596 jumentum
1964 2532 2254 2602 Nepotem,
2297 2531 2553 2585 naban-ici
2594 2532 2805 2596 finum,
2837 2551 2991 2602 qua·

889 2612 980 2666 -C.
1010 2612 1176 2666 Curio
1200 2613 1484 2676 accusavit,
1515 2613 1784 2687 Appuleio
1813 2626 1949 2669 testo
1973 2613 2030 2670 in
2062 2613 2289 2687 Apolog.
2309 2635 2368 2688 p.
2399 2616 2524 2668 316.

842 2759 906 2804 ut
936 2753 1004 2819 Q.
1047 2751 1307 2824 Coepisnt‘]
1334 2771 1496 2825 supro
1536 2773 1586 2807 c.
1630 2753 1700 2806 46
1722 2773 1737 2804 ε
1776 2751 2025 2806 Orationi
2061 2751 2274 2806 Betucic’
2303 2754 2557 2825 δαμίου)
2593 2772 2682 2807 ore
2725 2751 2983 2824 respa-die

921 2838 1129 2900 AElim,
1149 2839 1254 2910 qui
1266 2838 1586 2911 επῲὶἰὶανὶι
1603 2839 1863 2894 arathus
1886 2841 2088 2893 multis.

786 2984 853 3048 ρ.
873 2949 1312 3052 pan-pesam]
1351 3000 1499 3035 cons.
1522 2999 1571 3034 a.
1595 2981 1665 3034 n.
1693 2982 1818 3035 665.

1381 3171 1543 3243 LII.
1596 3169 1683 3243 C.
1743 3169 2078 3244 Aurelius
2133 3173 2370 3245 Cotta.

1469 3271 1839 3378 [Ellendt.
1881 3305 1954 3378 p.
1996 3279 2288 3379 67-70.]

865 3484 997 3546 Cic.
1059 3484 1236 3545 Brut.
1292 3475 1349 3544 c.
1397 3481 1524 3546 492
1562 3483 1785 3546 lisdem
1818 3482 1947 3546 lere
1994 3483 2404 3567 temporibus,
2442 3497 2621 3547 aetate
2665 3483 2994 3550 interiores

782 3587 968 3668 paulo
997 3606 1179 3667 quam
1213 3584 1440 3659 Julius,
1487 3584 1595 3646 sed
1622 3585 1886 3665 aequales
1915 3576 2360 3668 propemodum
2389 3569 2641 3648 luerunt
2665 3586 2743 3649 C.
2780 3588 2988 3658 Cotta,

783 3685 855 3745 P.
895 3682 1228 3767 Sulpicius,
1275 3682 1360 3766 Q.
1406 3681 1659 3756 Varius,
1691 3682 1811 3746 Cn.
1845 3683 2242 3766 Pomponius,
2271 3683 2347 3748 C.
2385 3681 2603 3753 Curio,
2651 3685 2723 3745 L.
2757 3682 2982 3755 Fufius,

783 3781 869 3840 M.
898 3782 1156 3856 Drusus,
1189 3783 1262 3843 P.
1300 3780 1629 3856 Antistius,
1661 3799 1783 3842 nec
1806 3780 1933 3842 ulls
1962 3791 2145 3842 oetate
2173 3780 2429 3844 uberior
2485 3794 2808 3844 oratorum
2832 3779 2988 3842 setus

781 3877 917 3942 fuit.
964 3879 1058 3940 Ex
1096 3877 1197 3940 bis
1222 3876 1407 3941 Cotta
1449 3888 1522 3939 et·
1551 3875 1861 3959 Sulpicius
1907 3895 2046 3938 cum
2090 3896 2231 3940 meo
2275 3876 2512 3961 judicio
2545 3891 2677 3941 tum
2710 3878 2985 3941 omnium

782 3975 965 4038 facile
987 3975 1221 4058 primas
1243 3974 1543 4063 tulerunt.

872 4076 969 4137 lb.
996 4097 1057 4139 c.
1079 4075 1184 4150 55,
1207 4074 1369 4138 2022
1401 4074 1772 4138 Inveniebat
1801 4086 1980 4137 acute
1996 4071 2203 4148 Cotta,
2232 4069 2484 4137 dicebat
2499 4094 2650 4159 pure
2667 4095 2743 4136 ac
2766 4074 2973 4135 solute.

784 4199 868 4216 ⁴-
892 4170 1060 4235 Nihil
1087 4185 1224 4237 erat
1251 4173 1319 4234 in
1354 4172 1486 4255 ejus
1509 4173 1795 4236 oratione
1834 4172 1953 4235 nisi
1995 4174 2337 4248 sincerum,
2392 4169 2551 4235 nibil
2594 4171 2713 4232 nisi
2756 4174 2975 4235 siccum

785 4284 970 4354 etque
1009 4293 1247 4346 sanum,
1303 4274 1573 4356 illudque
1603 4278 1962 4348 maximum,
2008 4277 2191 4358 quod,
2244 4293 2387 4338 cum
2418 4276 2821 4338 contentione
2846 4291 2983 4337 ora·
