3367 5417
1464 418 1592 493 271

425 555 596 630 fieri,
639 554 862 637 inquit,
913 572 975 615 ut
1028 562 1280 618 ommino
1302 605 1317 632 ,
1360 559 1522 644 quod
1558 571 1617 618 te
1661 559 1901 618 audisse
1939 559 2123 634 dc'cis,
2177 576 2480 640 nunquam
2516 580 2625 617 au·

419 650 649 710 dietis!

493 784 780 856 Pisonem]
819 787 957 840 hanc
998 807 1210 842 causam
1262 791 1518 861 privatam
1553 791 1721 843 fuisse
1770 802 1926 861 putat
1966 789 2206 852 Ellendt.
2256 789 2624 851 Henrichsen‚

566 871 661 940 qui
694 889 869 942 nuper
908 871 1144 926 eruditos
1197 874 1594 927 commentarios
1630 873 1688 926 in
1743 873 1908 926 libros
1952 874 2026 925 De
2064 884 2269 926 oratore
2312 872 2479 925 edidit
2500 912 2515 937 ,
2559 872 2627 927 de

561 957 752 1010 Pisone
787 958 852 1009 ad
877 977 993 1030 cap.
1022 961 1111 1022 66,
1142 961 1166 1028 §
1192 961 1319 1022 265,
1351 960 1481 1013 libri
1511 960 1735 1014 secundi
1760 958 1968 1032 ablegat
1992 959 2256 1022 lectorem,
2289 959 2384 1012 ubi
2402 959 2627 1012 Lucium

562 1044 913 1116 Calpurnium
957 1047 1202 1101 Pisonem
1222 1048 1562 1104 Canoninum
1601 1049 1728 1102 Cos.
1765 1067 1814 1101 a.
1844 1050 1913 1101 U.
1941 1048 2035 1100 641
2072 1045 2481 1121 intelligendum
2502 1065 2626 1100 con-

548 1126 689 1196 jicit.

1054 1314 1154 1376 12.
1188 1332 1413 1376 ουτω
1434 1331 1545 1375 ruo
1564 1333 1623 1374 c.
1653 1329 1987 1374 Acumons.

494 1501 652 1562 Acta
679 1513 773 1563 est
812 1519 996 1563 causa
1025 1502 1184 1582 apud
1215 1502 1302 1562 M.
1334 1503 1722 1582 Perpernam
1757 1497 2054 1579 judicem,
2093 1496 2201 1581 qui
2243 1519 2303 1560 a.
2360 1498 2445 1558 U.
2498 1498 2619 1561 656

409 1613 639 1680 praetor
659 1611 821 1661 erat.

492 1694 625 1760 Cic.
663 1698 761 1759 De
797 1710 988 1760 oratt.
1019 1697 1112 1770 11,
1146 1698 1253 1769 65,
1288 1695 1410 1759 262
1459 1715 1477 1755 ε
1530 1696 1946 1757 Invertuntur
1980 1693 2204 1767 verba,
2267 1706 2340 1756 ut
2364 1692 2622 1758 Crassus

409 1800 572 1882 apud
600 1798 688 1859 Μ.
719 1801 1103 1880 Perpernam
1140 1798 1415 1881 judicem
1466 1816 1581 1880 pro
1615 1795 1936 1859 Aculeone
1975 1816 2117 1858 cum
2165 1796 2427 1868 diceret,
2473 1796 2620 1880 (ad-

405 1911 547 1960 erat
575 1911 796 1960 contra
817 1899 1197 1961 Aculeonem
1225 1893 1600 1961 Gratidiano
1623 1898 1674 1958 L
1691 1939 1707 1954 .
1735 1895 1930 1958 AElius
1958 1893 2174 1958 Lamia
2206 1893 2519 1970 deformia,
2552 1907 2623 1957 ut

403 1999 657 2082 nostis),
702 1997 807 2080 qui
856 2018 998 2061 cum
1026 1998 1463 2080 interpellaret
1514 1993 1744 2070 odiose,
1791 1997 2162 2067 Audiamus,
2207 1996 2434 2077 inquit,
2486 1997 2623 2075 pul·

401 2091 632 2162 czllum
676 2121 960 2181 paenam,
1018 2099 1297 2163 Crassus.
1337 2098 1496 2162 Cum
1536 2111 1699 2160 oeset
1732 2097 2023 2170 arrisum,
2075 2097 2207 2158 Non
2234 2100 2409 2176 potui
2437 2096 2616 2170 mihi,

409 2195 623 2280 inquit
649 2199 885 2273 Lamia,
918 2199 1211 2279 fhrmam
1238 2202 1371 2276 ipse
1389 2196 1663 2278 fingere,
1699 2199 2011 2275 ingenium
2059 2198 2255 2273 potui.
2299 2196 2456 2256 Tum
2484 2191 2615 2271 hic,

401 2291 781 2370 Audiamus,
841 2293 1042 2377 inquit
1062 2337 1081 2368 ,
1126 2295 1449 2354 disertum.
1505 2292 1702 2354 Multo
1746 2290 1932 2355 etiam
1981 2289 2251 2354 arrisum
2296 2303 2393 2353 est
2434 2292 2619 2354 vehe-

398 2408 1022 2554 mff&·Aculeone
1046 2487 1304 2550 Crassus
1329 2488 1489 2568 apud
1519 2485 1654 2549 Cic.
1693 2488 1790 2549 De
1822 2499 1983 2551 orat.
2027 2487 2084 2564 1,
2113 2485 2220 2558 43,
2254 2485 2373 2550 191
2398 2508 2418 2547 τ
2450 2486 2615 2549 Proe-
2675 2446 2803 2544 l57

399 2588 642 2651 clarum
665 2586 836 2650 dedit
854 2583 1054 2647 laudis
1074 2585 1496 2649 testimonium
1516 2597 1583 2647 et
1601 2582 1930 2646 doctrinm.

805 2794 881 2856 13
913 2807 979 2856 et
1004 2792 1101 2853 14.
1150 2810 1478 2855 ominosas
1506 2810 1623 2854 ruo
1653 2811 1711 2852 c.
1737 2810 1954 2853 sancto
1980 2811 2204 2855 otuu.

484 2988 805 3050 Postremo
832 2982 1068 3045 duabus
1090 2984 1162 3044 iu
1191 2981 1390 3045 causis
1424 2981 1493 3043 C.
1520 2982 1811 3060 Sergiam
1832 2983 2093 3043 Oratam
2120 2981 2399 3046 defendit
2426 2983 2609 3050 Cras·

390 3108 533 3150 sus:
562 3106 821 3169 quarum
851 3086 1111 3147 alteram
1141 3077 1393 3171 [contra
1413 3084 1500 3144 M.
1531 3085 1888 3157 Antonium,
1911 3084 1998 3146 M.
2025 3082 2211 3146 Marii
2238 3084 2600 3176 patronum]

390 3186 620 3249 Cicero
647 3183 931 3246 narravit
950 3183 1047 3244 De
1067 3180 1232 3246 offic.
1259 3182 1385 3255 111,
1408 3179 1513 3256 16,
1539 3180 1807 3244 alteram
1820 3177 2112 3244 Valerius
2133 3181 2302 3242 Max.
2323 3183 2436 3258 IX,
2459 3184 2517 3255 1,
2544 3184 2601 3245 1.

401 3275 552 3370 [Hic
577 3282 745 3343 inter
768 3280 889 3344 alia
915 3282 990 3340 de
1012 3278 1229 3359 Sergio
1254 3278 1451 3344 Orata
1480 3290 1743 3340 narrat=
1770 3304 1798 3333 α
1830 3275 2140 3341 AEdificiis
2168 3275 2363 3340 etiam
2382 3281 2609 3363 spatio·

389 3377 485 3440 sis
521 3388 587 3438 et
610 3376 866 3440 excelsis
892 3377 1134 3439 deserta
1173 3376 1250 3439 ad
1287 3373 1355 3436 id
1391 3387 1631 3459 tempus
1668 3394 1783 3438 ora
1821 3374 2080 3439 Lucrini
2123 3376 2296 3439 lacus
2332 3375 2565 3461 pressit
2583 3401 2605 3440 ε

389 3495 519 3556 quo
547 3470 901 3538 recentiore
928 3491 1040 3533 usu
1067 3471 1536 3556 conchyliorum
1562 3472 1897 3535 frueretur.
1932 3471 2062 3539 Ubi
2090 3474 2233 3535 dum
2257 3493 2323 3536 se
2345 3473 2609 3557 publicoe

387 3591 570 3654 aquae
587 3569 867 3653 cupidius
884 3568 1221 3648 immergit,
1241 3588 1386 3630 cum
1399 3567 1693 3632 Considio
1707 3568 2046 3653 publicano
2060 3567 2365 3653 judicium
2388 3585 2609 3634 nactus

385 3684 516 3734 est.
550 3673 626 3733 In
654 3688 775 3751 quo
798 3667 871 3729 L.
892 3666 1153 3730 Crassus
1178 3670 1474 3732 adversus
1502 3665 1675 3731 illum
1707 3688 1955 3732 causam
1986 3687 2196 3748 agens,
2219 3690 2431 3730 errare
2449 3677 2606 3732 ami·

383 3795 537 3835 cum
560 3793 734 3832 suum
756 3770 1120 3832 Considium
1142 3769 1320 3846 dixit,
1368 3771 1538 3857 quod
1543 3786 1785 3851 putaret
1806 3771 2067 3836 Oratam
2084 3787 2397 3833 remotum
2412 3793 2453 3833 α
2470 3773 2608 3833 lacu

391 3878 734 3936 cariturum
761 3876 979 3934 ostreis
997 3897 1018 3930 .-
1048 3892 1310 3955 namque
1337 3892 1415 3931 ea
1429 3919 1450 3950 ,
1477 3876 1536 3933 ,ςί
1559 3873 1699 3933 inde
1720 3889 1931 3951 petere
1955 3894 2073 3933 non
2101 3873 2375 3934 licuisset
2376 3921 2398 3950 ,
2427 3877 2489 3935 ἰη
2516 3889 2605 3936 le-

378 3977 549 4056 galis
579 3990 957 4055 reperturum
968 4019 981 4032 .
1010 3969 1070 4063 a]

471 4145 493 4170 ¹*
512 4142 562 4192 in
594 4140 804 4210 tegulis]
827 4141 894 4191 Et
918 4138 1017 4189 hoc
1046 4136 1270 4190 luxuriae
1298 4137 1564 4190 Romame.
1601 4138 1804 4191 Seneca
1829 4137 1970 4210 apud
1995 4137 2316 4209 interpretes
2344 4137 2409 4190 sd
2438 4138 2495 4190 h.
2522 4137 2559 4189 1.
2583 4157 2597 4190 ε

577 4225 748 4275 Alunt
775 4220 826 4273 in
855 4220 1064 4274 summ}
1088 4217 1389 4272 mlmt‘mbus
1416 4220 1633 4272 ’παππία
1659 4238 1882 4285 mora,
1909 4228 1963 4274 et
1987 4219 2353 4292 nauigabilium
2370 4221 2602 4291 plin-ina-
