3367 5417
1859 451 2000 527 256

825 617 959 659 snm
990 596 1119 678 ipse
1149 606 1389 678 captus.
1434 590 1614 656 Sensi
1642 591 1950 674 equidem,
1988 606 2115 655 tum
2154 609 2380 671 magno
2419 611 2610 675 opere
2648 600 3025 660 commoveri

815 696 1078 780 judices,
1112 712 1255 755 cum
1284 691 1560 755 excitavi
1584 702 1875 754 moestum
1894 711 1975 753 ac
1999 689 2382 753 sordidatum
2408 709 2622 754 senem
2649 703 2714 753 et
2737 712 2879 754 cum
2909 695 3028 757 ista

825 794 966 869 feci,
993 812 1129 875 qnoe
1155 804 1245 868 tu,
1273 790 1519 866 Crasse,
1544 791 1784 865 laudas,
1809 808 1933 853 non
1959 785 2116 864 arte,
2140 790 2218 851 de
2241 808 2364 870 qua
2385 789 2531 871 qnid
2552 790 2767 872 loquar
2786 793 3021 869 nescio,

823 895 931 958 sed
958 907 1129 957 motu
1164 912 1389 973 magno
1416 887 1614 954 animi
1642 910 1718 954 ac
1746 888 1996 964 dolore,
2039 901 2109 951 nt
2145 885 2565 953 discinderem
2605 891 2914 966 tunicam,
2957 908 3030 957 ut

823 990 1156 1057 cicatrices
1184 991 1596 1055 ostenderem.
1629 987 1789 1053 Cum
1808 986 1885 1051 C.
1910 988 2145 1051 Marius
2171 1008 2505 1053 moerorem
2541 990 2845 1054 orationis
2876 1013 3027 1057 meoe

820 1106 1098 1172 pmsens
1125 1107 1202 1151 ac
1229 1087 1452 1150 sedens
1480 1085 1741 1149 multum
1769 1082 2051 1149 lacrimis
2077 1085 2205 1149 suis
2232 1085 2579 1168 adjuvaret,
2601 1107 2864 1171 cumque
2886 1110 3022 1171 ego,

820 1186 999 1252 illum
1030 1187 1261 1252 crebro
1288 1186 1627 1271 appellans,
1662 1184 1963 1265 collegam
1999 1186 2060 1248 ei
2100 1205 2277 1249 suum
2306 1189 2814 1251 commendarem
2845 1200 3027 1271 atque

820 1284 1024 1369 ipsum
1047 1286 1417 1349 advocatum
1455 1285 1533 1347 ad
1567 1299 1962 1346 communem
1999 1283 2438 1365 imperatorum
2470 1282 2785 1347 fortunam
2827 1285 3028 1349 desen·

821 1385 1139 1449 dendam
1119 1404 1518 1449 invocarem·
1551 1404 1678 1448 nou
1706 1385 1822 1448 nuit
1848 1384 1980 1447 haec
2015 1385 2155 1447 sine
2191 1384 2342 1447 meis
2377 1385 2678 1462 lacrimis,
2722 1405 2853 1450 non
2892 1385 3026 1451 sine

822 1487 1036 1551 dolore
1065 1505 1296 1568 magno
1323 1488 1640 1552 miseratio
1672 1487 2069 1570 omniumque
2101 1486 2357 1551 deorum
2389 1498 2456 1550 et
2483 1486 2805 1551 hominum
2842 1501 2909 1552 et
2940 1489 3024 1552 ci·

819 1587 993 1651 vium
1019 1598 1086 1651 et
1105 1587 1417 1652 sociorum
1440 1586 1819 1671 imploratio.

904 1682 1398 1760 verrin-lib.V,
1431 1683 1824 1748 c.1=Venit
1864 1682 2021 1746 mihi
2061 1683 2130 1746 in
2170 1693 2481 1756 mentem,
2526 1683 2599 1745 in
2638 1680 2875 1766 jndicio
2913 1683 3017 1746 Μ’.

822 1782 1057 1864 Aquilii
1084 1796 1383 1864 quantum
1411 1783 1806 1847 auctoritatis
1821 1831 1839 1861 ,
1879 1794 2178 1867 qnantum
2202 1779 2504 1846 momenti
2532 1782 2736 1848 oratio
2779 1786 2835 1845 Μ
2848 1830 2863 1845 .
2901 1787 3023 1847 An-

820 1885 979 1947 tonii
1006 1884 1293 1948 habuisse
1320 1881 1677 1947 existimata
1700 1885 1818 1947 sit=
1852 1884 1983 1970 qui,
2017 1897 2089 1946 ut
2115 1884 2350 1947 eratin
2379 1882 2646 1948 dicendo
2675 1904 2804 1948 non
2830 1884 3023 1948 solum

818 1984 1089 2067 sapiens,
1115 1984 1223 2047 sed
1248 1984 1438 2047 etiam
1464 1985 1667 2063 fortis,
1697 2005 1883 2049 cansa
1909 2004 2105 2071 prope
2130 1996 2445 2068 perorata,
2468 1985 2603 2067 ipse
2630 1986 2903 2069 arripuit
2916 1988 3018 2051 Μ’.

826 2081 1141 2165 Aquilium
1169 2081 1610 2172 constituique
1636 2079 1705 2148 in
1732 2093 2069 2167 conspectu
2094 2082 2372 2145 omnium
2398 2081 2795 2165 tunicamque
2825 2081 2962 2166 ejus
2987 2104 3026 2147 a

816 2195 1075 2268 pectore
1103 2181 1389 2259 abscidit,
1432 2195 1502 2246 ut
1526 2181 1860 2248 cicatrices
1888 2184 2149 2269 populns
2167 2186 2482 2247 Romanus
2487 2180 2853 2266 judicesque
2870 2184 3025 2269 aspi-

818 2293 1038 2347 cerent
1070 2281 1330 2344 adverso
1357 2300 1622 2364 corpore
1647 2293 1974 2367 exceptas:
2006 2281 2188 2346 simul
2215 2293 2278 2344 et
2307 2282 2385 2344 de
2404 2280 2513 2345 illo
2540 2283 2827 2359 vulnere,
2861 2284 3028 2366 qnod

815 2382 924 2446 ille
950 2380 1018 2443 in
1046 2380 1251 2463 capite
1275 2381 1357 2444 ab
1382 2379 1651 2443 hostium
1671 2379 1831 2443 duce
1859 2394 2211 2464 acceperat,
2250 2380 2446 2443 multa
2479 2380 2656 2456 dixit,
2687 2400 2886 2463 eoque
2914 2383 3024 2446 ad-

817 2476 995 2541 duxit
1017 2495 1147 2550 eos,
1172 2475 1281 2561 qui
1305 2486 1494 2541 erant
1512 2473 1890 2560 judicaturi,
1923 2478 2330 2542 vehementer
2367 2488 2438 2541 nt
2463 2489 2859 2553 vererentur,
2906 2500 3020 2554 ne,

816 2593 999 2657 quem
1016 2574 1221 2637 virum
1243 2574 1492 2638 fortuna
1513 2592 1592 2637 ex
1611 2573 1879 2638 hostium
1899 2573 2039 2639 telis
2063 2575 2414 2662 eripuisset,
2440 2594 2583 2638 cum
2602 2574 2722 2638 sibi
2742 2576 2878 2659 ipse
2898 2596 3026 2640 non

753 2666 761 2675 ’
815 2673 1214 2758 pepercisset,
1246 2671 1356 2737 hic
1385 2692 1512 2737 non
1549 2673 1628 2734 ad
1666 2674 1876 2759 populi
1909 2674 2178 2740 Romani
2205 2676 2474 2749 laudem,
2510 2674 2622 2739 sed
2654 2676 2735 2738 ad
2747 2672 3027 2758 judicum

815 2771 1248 2835 crudelitatem
1269 2770 1587 2834 videretur
1607 2790 1740 2834 oese
1761 2785 2065 2838 servatus.

898 2868 1112 2933 Livius
1138 2870 1305 2953 Epit.
1328 2857 1537 2933 LXX:
1570 2867 1727 2933 Cum
1754 2871 1860 2933 Μ’.
1888 2866 2197 2953 Aquillius
2233 2869 2308 2931 de
2345 2867 2630 2955 pecuniis
2668 2869 3026 2952 repetundis

815 2986 1066 3030 cansam
1091 2968 1353 3044 diceret,
1378 2968 1512 3051 ipse
1534 2968 1775 3053 judices
1801 2989 2026 3052 rogare
2054 2967 2278 3033 noluit.
2313 2971 2397 3031 M.
2425 2970 2760 3048 Antonius,
2784 2972 2893 3054 qui
2912 2990 3023 3055 pro

815 3088 891 3134 eo
916 3068 1275 3152 perorabat,
1309 3071 1586 3134 tunicam
1613 3091 1649 3134 a
1678 3084 1933 3156 pectore
1960 3070 2094 3155 ejus
2119 3070 2393 3147 discidit,
2428 3084 2500 3134 ut
2533 3072 2828 3136 honestas
2858 3074 3022 3137 cica-

813 3162 1010 3229 trices
1032 3167 1426 3232 ostenderet.
1409 3188 1426 3206 ·
1463 3167 1687 3250 quibus
1723 3163 2077 3251 conspectis
2103 3164 2532 3234 indubitanter
2556 3168 2873 3233 absolutus
2898 3181 3016 3233 est.

808 3259 1036 3328 Cicero
1058 3262 1191 3346 ejus
1213 3261 1307 3325 rei
1328 3262 1493 3326 solus
1518 3276 1763 3330 auctor.

898 3355 1063 3450 [Cic.
1087 3361 1214 3422 Pm
1235 3359 1464 3423 Flacco
1486 3379 1545 3424 c.
1571 3363 1688 3440 39,
1716 3363 1895 3425 Brut.
1925 3381 1984 3424 c.
2012 3361 2118 3438 62,
2144 3361 2296 3426 222.
2332 3356 2569 3451 Wese.]

626 3454 757 3527 143
892 3456 1168 3519 Ellendt.
1204 3455 1269 3518 in
1316 3453 1452 3537 ipso
1482 3459 1811 3524 consulatu
1837 3454 2103 3522 Antonii
2133 3456 2228 3543 (a.
2272 3457 2433 3543 654)
2464 3472 2671 3524 actam
2697 3480 2837 3528 esse
2874 3482 3017 3527 cau·

809 3577 944 3620 sam
977 3556 1079 3618 Μ.
1117 3553 1376 3638 Aquiuii
1405 3557 1641 3624 statuit.
1682 3553 1836 3650 [Qui
1866 3560 2053 3624 alibi·
2081 3557 2207 3626 «Si
2233 3558 2622 3645 suspiciones
2644 3563 2823 3646 aequi
2843 3563 3012 3643 licet,

806 3655 873 3719 in
900 3655 1066 3718 libro
1080 3656 1159 3717 ad
1186 3647 1571 3720 Herennium
1599 3659 1827 3734 1V,38
1852 3671 1919 3724 et
1948 3658 2026 3723 39
2057 3658 2179 3722 duo
2205 3659 2346 3726 loca
2378 3681 2459 3724 ex
2494 3661 2851 3744 Aquilliana
2880 3682 3013 3727 ora·

805 3753 977 3818 tione
1010 3755 1112 3818 vel
1141 3768 1405 3839 excepta
1441 3756 1543 3821 vel
1571 3755 1875 3824 imitando
1923 3778 2219 3843 expressa
2252 3759 2575 3824 habemns.
2622 3761 2850 3826 Priore
2880 3763 3012 3828 loco

803 3875 939 3940 quae
968 3857 1046 3918 de
1074 3875 1182 3919 reo
1224 3857 1556 3932 dicuntur,
1610 3859 1680 3924 in
1711 3858 2051 3945 Aquinium
2093 3861 2246 3925 satis
2272 3860 2439 3926 benc
2466 3862 2800 3946 quadrant,
2834 3883 3009 3947 quem

804 3949 1168 4016 munificum
1228 3972 1377 4035 erga
1434 3955 1763 4021 nonnullas
1815 3954 2165 4022 Siculorum
2220 3954 2510 4021 civitates
2580 3958 2807 4024 Cicero
2864 3958 3012 4023 dixit

809 4052 1038 4133 Agrar.
1061 4049 1143 4128 11,
1177 4047 1283 4115 ao.
1317 4049 1389 4141 .]
