3367 5417
1489 519 1561 564 lx

422 630 590 703 fecit
618 632 829 702 trium
852 647 1241 720 oratorum,
1278 632 1376 706 Μ.
1418 631 1742 716 Οεηοιιίε,
1775 629 1861 701 C.
1899 626 2207 702 Gracchi
2233 644 2305 701 et
2341 628 2631 702 Cicero-

427 756 539 828 nis
583 758 669 826 A.
713 753 987 828 Gellius
1023 758 1094 827 in
1132 779 1290 853 cap.
1334 757 1377 829 3
1404 756 1570 829 libri
1603 757 1699 826 X.

525 882 806 955 Deinde
858 900 1173 957 oratores
1220 884 1433 957 medii
1476 883 1857 981 perfectam
1892 881 2316 980 eloquentiae
2341 881 2634 956 formam

422 1027 929 1107 expresserunt
989 1010 1647 1110 pulcherrimasque
1723 1013 2077 1084 orationes
2140 1008 2632 1084 elaborarunt.

425 1135 635 1204 Nunc
669 1132 1087 1207 Graecorum
1120 1132 1487 1207 rhetorum
1515 1135 1886 1230 praeceptis
1917 1131 2415 1205 formabantur
2466 1132 2637 1205 ado-

430 1259 848 1334 lescentium
877 1261 1157 1350 studia3
1190 1285 1593 1334 sermonem
1621 1261 1948 1333 Latinum
1972 1260 2222 1334 eadem
2252 1259 2458 1358 plane
2488 1276 2640 1334 arte

429 1390 853 1480 tractabant,
885 1416 1023 1491 qua
1054 1392 1310 1465 Graeca
1335 1390 1573 1487 lingua
1602 1390 1910 1490 expolita
1941 1403 2120 1479 crat,
2156 1390 2646 1489 partiebantur

431 1519 787 1590 orationes
811 1542 1012 1590 more
1045 1518 1484 1590 Graecorum.
1522 1519 1614 1590 Et
1640 1519 1803 1614 quia
1834 1519 1904 1589 in
1932 1517 2293 1614 republica
2320 1520 2644 1592 Romana

432 1654 679 1710 orator
732 1661 1050 1710 summus
1110 1637 1408 1708 maxima
1440 1638 1858 1708 auctoritate
1907 1636 2186 1722 floruit,
2250 1636 2646 1737 eloquentia

438 1762 615 1859 ipsa,
647 1760 845 1833 bona
879 1758 1325 1833 aemulatione
1357 1776 1569 1857 atque
1595 1761 2049 1831 contentione
2067 1758 2448 1848 elaborata,
2483 1786 2647 1833 mox

442 1881 528 1954 ad
582 1881 862 1954 culmen
921 1882 1244 1953 accessit.
1297 1880 1552 1952 Cicero
1603 1879 1886 1977 quidem
1941 1882 2322 1952 maximam
2355 1880 2651 1978 gloriam

437 2022 863 2080 consecutus
896 2020 1031 2089 est,
1088 2004 1217 2077 sed
1248 2002 1411 2101 plus
1451 2004 1740 2100 triginta
1779 2004 1910 2076 viri
1939 2005 2091 2102 pari
2123 2004 2456 2079 facultate
2485 2032 2652 2081 ora-

438 2132 617 2206 toria
653 2130 1093 2204 eminebant.
1132 2128 1466 2203 Similiter
1498 2131 1769 2202 Seneca
1800 2131 1874 2201 in
1905 2129 2311 2226 praefatione
2341 2132 2650 2207 Contro—

439 2261 831 2332 versiarum
872 2258 1045 2331 dicit
1095 2282 1113 2327 t
1181 2254 1560 2354 Quidquid
1606 2259 1936 2328 Romana
1985 2257 2340 2345 facundia
2393 2256 2608 2333 habet
2628 2314 2650 2350 ,

444 2384 645 2484 qaod
660 2383 997 2456 z‘nsolenti
1028 2379 1343 2455 Groecioe
1368 2394 1495 2454 auc
1532 2393 1846 2482 opponat
1869 2392 2003 2453 aut
2023 2385 2410 2482 proeferat,
2445 2392 2641 2459 circa

452 2515 865 2587 Cat-eronem
892 2511 1243 2609 effloruit.
1290 2509 1558 2585 Omnia
1586 2510 1907 2606 hag-emh,
1941 2536 2105 2611 qna·
2144 2510 2371 2584 lacem
2401 2516 2655 2587 nostris

441 2637 695 2712 stadiis
721 2637 1136 2723 attulerant,
1166 2649 1336 2710 mne
1359 2645 1537 2708 nata
1551 2646 1740 2709 semi.
1776 2635 1874 2707 M.
1902 2638 2288 2723 Antonius,
2321 2638 2650 2731 Crassus,

449 2767 696 2841 Caesar
730 2766 1031 2851 Strabo,
1069 2765 1313 2851 Cotta,
1376 2765 1452 2835 Ρ.
1511 2760 1864 2860 Sulpicius
1918 2762 2182 2853 Rufus,
2219 2764 2457 2838 Carbo
2478 2820 2499 2850 ,
2558 2771 2650 2865 Q.

451 2889 907 2975 Hortensius,
939 2890 1043 2960 M.
1068 2884 1404 2972 Calidius,
1427 2886 1583 2958 Ser.
1610 2882 1809 2981 Sulp.
1837 2882 2093 2971 Rufus,
2117 2884 2356 2959 Julius
2383 2889 2652 2977 Caesar,

452 3011 753 3102 Coelius,
797 3012 1100 3099 Calvus,
1152 3014 1255 3084 M.
1304 3012 1568 3083 Brutus
1592 3062 1613 3096 ,
1658 3008 1947 3092 Asinius
1979 3005 2206 3082 Pollio
2250 3026 2324 3083 et
2365 3012 2657 3088 Messala

450 3140 806 3214 Corvinus
825 3143 1034 3237 juxta
1068 3139 1492 3213 Ciceronem
1543 3137 1766 3212 fuere.
1801 3134 2129 3235 Plerique
2163 3162 2413 3212 eorum
2435 3144 2659 3240 perfe-

449 3267 547 3337 cti
582 3265 871 3338 fuerunt
897 3280 1251 3351 oratores,
1281 3280 1357 3337 et
1388 3262 1741 3336 distabant
1775 3263 1962 3335 inter
1982 3286 2060 3335 se
2088 3261 2355 3336 viribus
2380 3281 2657 3341 tantum

456 3402 575 3457 aut
606 3386 1027 3459 urbanitate.
1059 3390 1236 3458 Arte
1266 3403 1498 3458 tamen
1535 3383 1790 3456 Cicero
1820 3405 2136 3456 summus
2163 3408 2318 3457 esse
2343 3385 2653 3478 videtur,

455 3524 670 3606 atque
711 3509 1124 3606 compositio
1181 3510 1333 3605 ejus
1386 3524 1461 3580 et
1515 3506 1787 3578 numeri
1840 3507 2127 3578 oratorii
2176 3508 2656 3586 aemulatorem

455 3630 790 3703 Isocratis
815 3628 1151 3701 iudicant.
1185 3630 1579 3700 memoratu
1598 3642 1838 3699 autem
1863 3627 2183 3725 profecto
2208 3630 2495 3726 dignum
2517 3651 2651 3724 est,

456 3760 649 3831 inter
693 3773 1012 3829 oratores
1057 3755 1342 3827 illorum
1374 3770 1770 3851 temporum
1813 3754 2115 3827 ambisse
2162 3755 2461 3854 palmam
2515 3763 2659 3836 elo·

456 3882 769 3980 quentiae
798 3882 1014 3953 etiam
1051 3894 1449 3952 matronam
1491 3879 1907 3967 Romanam,
1960 3880 2354 3974 Hortensii,
2407 3891 2658 3961 summi

461 4006 793 4092 oratoris,
826 4003 1066 4093 filiam,
1111 4004 1316 4099 cujus
1346 4003 1573 4074 oratio
1606 4003 1794 4100 apud
1840 4005 2247 4081 triumviros
2276 4008 2513 4083 habita
2553 4011 2654 4087 le·

456 4126 758 4225 gebatur
788 4152 933 4200 non
977 4141 1256 4201 tantum
1294 4127 1364 4197 in
1403 4149 1614 4199 sexus
1650 4124 2021 4199 honorem.
