3367 5417
1857 387 1945 457 32

800 525 975 604 genti
1002 526 1226 611 spiritu
1247 525 1539 609 juvenem
1562 524 1889 609 optimates
1917 544 2057 586 cum
2083 543 2199 608 per
2227 525 2433 608 plures
2462 545 2657 587 annos
2692 523 2761 588 in
2787 525 3008 589 Sardi·

804 623 975 688 niam
1011 623 1254 689 succedi
1297 623 1391 686 illi
1422 645 1549 688 non
1575 636 1963 706 paterentur,
1989 623 2319 688 Gracchus
2354 634 2572 704 sponte
2603 620 2829 685 relicta
2857 639 3011 707 pro-

804 725 1018 789 vincia
1057 728 1316 790 Romam
1346 722 1555 786 rediit.
1595 724 1795 785 Motus
1833 720 1898 783 in
1927 720 2102 783 Urbe
2141 718 2372 783 dicitur
2412 720 2632 792 factus,
2665 734 3010 804 auctusque

804 824 899 886 ira
953 821 1229 888 Gracchi
1277 834 1342 885 et
1379 818 1585 900 gratia
1640 822 1800 904 apud
1853 817 2082 881 milites
2131 816 2562 882 Sardiniensoe
2605 817 2761 881 inita
2804 835 3007 884 metus

802 924 1215 1007 optimatium.
1241 927 1453 1006 Quare
1482 934 1546 984 et
1566 925 1731 1004 apud
1756 941 2078 985 censorem
2102 925 2174 983 L.
2208 919 2486 983 Cassium
2520 939 2769 982 causam
2793 919 3007 985 dicere

801 1036 1072 1098 coactus,
1101 1026 1207 1084 sed
1233 1021 1545 1084 absolutus
1568 1034 1697 1092 est3
1746 1035 1812 1083 et
1836 1018 2163 1104 optimates
2181 1015 2456 1101 quolibet
2479 1030 2661 1099 pacto
2685 1017 3002 1083 hominem

803 1118 871 1183 in
921 1118 1175 1183 insidias
1217 1123 1367 1181 dare
1412 1116 1733 1200 cupientes
1770 1120 2149 1199 Fregellanae
2176 1113 2623 1199 conjurationis
2660 1118 2905 1199 culpam
2935 1117 3004 1181 in

804 1241 944 1282 eum
972 1222 1393 1284 contulerunt.
1423 1220 1543 1281 Sed
1580 1217 1862 1300 quamvis
1891 1217 2198 1282 acerrime
2241 1219 2639 1299 qumtionem
2665 1233 3003 1282 exercente

805 1330 1069 1401 proetore
1119 1319 1186 1378 L.
1232 1312 1480 1398 Opimio
1506 1362 1522 1390 ,
1574 1314 1678 1397 qui
1726 1313 1955 1378 exinde
2002 1314 2461 1378 interneciuum
2514 1335 2656 1377 cum
2710 1317 3006 1380 Graccho

804 1420 1010 1480 odium
1035 1413 1337 1489 exercuit,
1378 1412 1568 1477 etiam
1595 1416 1716 1479 hoc
1765 1414 2033 1479 crimine
2071 1414 2370 1478 liberatus
2396 1428 2511 1476 est.
2563 1413 2758 1495 Hujus
2793 1417 3006 1479 defen-

802 1512 995 1578 sionis
1022 1535 1147 1576 non
1191 1528 1260 1574 ut
1310 1512 1605 1575 censoriae
1636 1512 1985 1591 fragmenta
2013 1527 2260 1576 exstare
2302 1511 2636 1586 videntum
2687 1513 2801 1575 sed
2843 1515 3008 1595 apud

804 1616 1060 1675 Auctor.
1095 1613 1174 1673 ad
1202 1613 1480 1672 Herenn.
1514 1611 1622 1684 lv,
1671 1615 1707 1674 9
1751 1623 1816 1672 et
1855 1613 1958 1685 11,
1991 1610 2374 1676 imitationes
2401 1608 2627 1674 referri
2655 1611 3008 1674 orationum

802 1710 870 1773 in
894 1713 1010 1774 hac
1032 1731 1218 1773 causa
1237 1711 1315 1771 ad
1335 1722 1615 1772 senatum
1640 1722 1706 1771 et
1733 1712 2021 1794 populum
2042 1710 2402 1775 habitarum
2430 1709 2796 1791 conjectura
2825 1709 3011 1775 nobis

801 1807 1049 1890 quidem
1097 1809 1262 1868 haud
1315 1807 1581 1868 absurda
1625 1803 1895 1869 videtur.
1960 1807 2204 1870 Talium
2243 1807 2412 1871 enim
2456 1808 2698 1878 μιμήσιων
2743 1808 3010 1872 refertos

804 1928 937 1970 esse
966 1906 1103 1969 illos
1128 1904 1324 1968 libros
1345 1901 1670 1985 probabile
1699 1904 1940 1966 ostendi
1964 1905 2220 1987 poterit,
2266 1906 2390 1970 imo
2428 1909 2712 1990 exempla
2731 1910 3009 1990 quaedam

806 2026 884 2067 ex
913 1999 1262 2067 oratoribus
1290 1998 1463 2084 ipsis,
1494 1999 1758 2081 demptis
1782 2000 2157 2077 nominibus,
2183 2017 2455 2067 retenta.

890 2102 1050 2161 Nam
1081 2094 1385 2161 notabiles
1415 2097 1786 2175 eioquentiae
1817 2095 2146 2176 magistros
2187 2119 2313 2161 non
2357 2098 2519 2163 sicut
2538 2101 2832 2163 metricos
2854 2099 3009 2163 arti-

803 2196 953 2259 fices
981 2195 1265 2276 exempla
1289 2213 1399 2255 sua
1432 2189 1558 2252 sibi
1588 2189 1753 2275 ipsos
1771 2194 2007 2273 fingere
2035 2198 2333 2273 videmus,
2368 2199 2476 2259 sed
2504 2216 2578 2260 ex
2609 2195 2779 2262 veris
2807 2198 3009 2263 causis

805 2301 1145 2360 desumere.
1179 2293 1286 2359 Sic
1328 2294 1550 2359 Cicero
1584 2293 1653 2357 in
1683 2294 1956 2359 Oratore
1999 2312 2060 2360 et
2090 2299 2251 2362 libro
2280 2301 2375 2362 De
2416 2313 2664 2362 oratore
2707 2302 3004 2376 secundm

807 2397 896 2462 ita
921 2394 1367 2482 Quintilianum,
1413 2396 1782 2478 ubicumque
1830 2418 1981 2483 opus
2007 2414 2121 2476 est,
2168 2398 2476 2483 imprimis
2515 2398 2693 2463 libris
2731 2422 2896 2465 nono
2941 2417 3007 2466 et

806 2499 1131 2564 undecimo
1157 2522 1173 2576 3
1206 2497 1297 2561 ita
1336 2500 1591 2564 Senecae
1621 2501 1892 2563 rhetoris
1921 2515 2113 2566 totum
2152 2523 2304 2586 opus
2330 2504 2397 2564 in
2426 2500 2524 2564 his
2553 2502 3006 2585 exemplis’col-

802 2596 1068 2680 ligendis
1104 2611 1382 2672 constat3
1424 2611 1494 2659 ut
1535 2600 1850 2661 rhetorem
1868 2646 1885 2673 ‚
1942 2597 2046 2679 qui
2075 2602 2153 2662 ad
2192 2597 2579 2663 Herennium
2621 2598 2909 2683 scripsit,
2967 2622 3006 2665 a

804 2718 977 2762 more
999 2691 1310 2760 communi
1344 2696 1673 2758 descivisse
1711 2707 2011 2778 oporteat,
2045 2694 2099 2758 si
2148 2699 2225 2758 ad
2253 2718 2445 2759 unum
2474 2699 2686 2760 omnia
2724 2700 3006 2781 exempla

808 2798 886 2859 ab
917 2795 1108 2879 ipsius
1149 2794 1400 2874 ingenio
1445 2796 1726 2877 profecta
1773 2792 2071 2857 dicamus.
2127 2798 2287 2859 Nam
2321 2794 2547 2858 infimae
2587 2798 2782 2859 solum
2808 2797 3007 2861 aetatis

805 2892 1125 2965 τεχνογράφοι
1167 2892 1257 2953 sic
1312 2889 1549 2954 faciunt
1571 2939 1587 2966 ,
1645 2905 1714 2953 ut
1761 2889 2087 2972 Emporius
2136 2894 2354 2955 rhetor
2377 2892 2567 2974 apud
2601 2893 3000 2977 Capperonn.

804 2991 1017 3053 Rhett.
1049 3010 1111 3072 p.
1149 2989 1294 3061 303,
1327 3003 1393 3051 et
1426 2985 1736 3051 Priscian.
1781 2991 2055 3072 Praepar.
2105 2991 2294 3053 rhett.
2339 3011 2402 3071 p.
2457 2991 2602 3066 359,
2637 2989 3008 3055 vetustiores

802 3101 1009 3149 autem
1032 3098 1096 3150 et
1123 3082 1483 3161 nobiliores,
1515 3100 1583 3148 ut
1608 3084 1879 3150 Rutilius
1900 3088 2102 3169 Lupus
2119 3134 2135 3162 ‚
2171 3087 2421 3149 nonnisi
2461 3108 2602 3150 cum
2627 3090 2789 3171 apud
2812 3091 3006 3172 potio·

802 3204 906 3247 res
961 3196 1246 3258 auctores
1282 3178 1433 3244 satis
1486 3193 1627 3263 apta
1668 3201 1794 3244 non
1841 3180 2273 3246 inveniebant.
2312 3180 2555 3246 Deinde
2595 3203 2719 3248 non
2755 3183 3006 3248 difficile

804 3283 985 3344 modo
1046 3292 1217 3354 erat,
1271 3279 1380 3341 sed
1428 3274 1739 3339 lubricum
1777 3280 1986 3341 etiam.
2061 3282 2220 3341 Nam
2269 3276 2580 3344 simulatio
2637 3280 3009 3345 declamato-

802 3403 942 3445 rum
972 3404 1010 3445 a
1034 3378 1297 3444 forensis
1339 3376 1619 3439 veritatis
1656 3378 1881 3451 ἐναργείᾳ
1909 3393 1971 3441 et
2015 3377 2406 3456 vehementia
2448 3380 2632 3459 longe
2680 3395 3009 3464 superatur

808 3479 1114 3568 (Quintil.
1150 3480 1231 3556 X,
1266 3481 1329 3552 2,
1361 3477 1474 3562 12)
1496 3490 1560 3540 et
1581 3479 1964 3542 discentibus
1984 3477 2052 3540 in
2077 3493 2349 3546 mentem
2370 3479 2590 3544 venire
2619 3495 2866 3564 poterat
2885 3531 2902 3557 ,
2937 3496 3008 3546 ut

804 3577 951 3641 ficta
965 3581 1071 3642 illa
1092 3577 1375 3660 exempla
1413 3596 1554 3639 cum
1581 3577 1751 3640 veris
1778 3590 2236 3660 compararent.
2273 3581 2472 3642 Porro
2503 3579 2669 3662 justo
2707 3599 3005 3659 arrogan-

803 3674 930 3739 tior
952 3693 1164 3740 auctor
1196 3690 1335 3741 erat
1364 3676 1625 3752 futurus,
1675 3674 1730 3739 si
1758 3675 2297 3742 sermocinationis
2325 3679 2487 3759 quod
2514 3682 2859 3764 exemplum
2898 3681 3001 3742 de-

805 3777 898 3840 dit
921 3777 1030 3849 lv,
1065 3778 1143 3838 52
1168 3776 1291 3838 fine
1321 3824 1338 3852 ,
1366 3798 1406 3839 a
1432 3796 1499 3838 se
1518 3778 1844 3838 inventum
1862 3790 2189 3860 tantopere
2233 3778 2537 3840 laudaret.
2568 3783 2781 3845 Genus
2809 3778 3004 3844 etiam

805 3875 1111 3940 sermonis
1162 3875 1324 3938 inest
1363 3896 1612 3956 prorsus
1635 3875 1987 3950 diversum3
2036 3875 2349 3958 antiquius
2377 3890 2549 3940 certe
2585 3878 2653 3942 in
2688 3878 3005 3945 nonnullis

808 3987 871 4037 et
901 3976 1279 4054 incomptum
1300 4018 1318 4046 ,
1362 3974 1736 4035 inurbanum
1783 3974 1956 4047 adeo,
1993 3987 2062 4037 ut
2092 3976 2212 4050 IV,
2262 3975 2366 4050 37,
2408 3990 2474 4037 et
2507 3996 2546 4038 a
2594 3976 3003 4042 Ciceroniano

807 4093 953 4134 sane
994 4072 1201 4134 nitore
1240 4070 1551 4135 remotius.
1586 4070 1871 4151 Denique
1904 4091 2113 4146 unum,
2165 4086 2229 4134 et
2268 4073 2512 4154 quidem
2552 4073 2846 4139 Curionis
2887 4094 3005 4158 pro

805 4169 1028 4236 Servio
1057 4168 1273 4235 Fulvio
1292 4170 1368 4231 de
1393 4166 1633 4234 incestu
1659 4170 2008 4255 exemplum
2034 4172 2220 4236 habet
2253 4175 2485 4240 Auctor
2507 4178 2586 4252 11,
2615 4176 2739 4252 20;
2771 4176 3003 4242 nomen
