3367 5417
1856 476 1981 545 138

801 612 953 675 Erat
977 611 1139 674 idem
1166 613 1241 673 T.
1280 608 1525 672 Annius
1552 614 1784 674 Luscus
1815 612 2051 691 collega
2073 613 2140 674 in
2174 632 2440 675 censura
2461 614 2543 697 Q.
2581 611 2788 676 Fulvii
2818 616 3003 679 Nobi-

798 710 996 782 lioriS,
1037 732 1096 773 a.
1153 711 1299 781 616,
1343 709 1397 771 si
1437 708 1589 770 fides
1626 723 1721 771 est
1748 710 1927 771 Festo
1958 730 2015 771 v.
2064 710 2388 789 Religioni.
2426 710 2594 771 ldem
2637 713 2710 773 T.
2761 711 3010 777 Annius

797 812 1030 873 Luscus
1052 808 1343 874 triumvir
1366 825 1504 874 erat
1522 810 1781 874 coloniae
1799 812 2174 873 deducendoe
2202 810 2574 894 Aquileiam.
2606 814 2745 877 Liv.
2768 813 3000 890 XLlll,

803 910 905 970 17.
936 905 1128 970 Filius
1150 908 1282 991 ejus
1312 922 1578 991 qusoetor
1606 906 1726 969 fuit
1745 929 1804 970 a.
1846 911 1924 975 [ι’.
1955 907 2102 971 568.

879 1008 1131 1069 Festus:
1164 1009 1510 1085 Super-escit
1536 1004 1848 1085 signifieat
1873 1001 2260 1087 supererit...
2301 1009 2532 1066 Verum
2567 1003 2796 1092 (super)
2821 1010 2999 1089 poni-

797 1119 903 1169 tur
932 1110 1122 1169 etiam
1154 1127 1270 1189 pro
1312 1108 1497 1168 da...
1530 1107 1686 1170 Cato
1711 1119 1947 1170 contra·
1971 1107 2286 1169 Annium:
2320 1107 2513 1167 Nemo
2529 1123 2712 1167 antea
2715 1110 2880 1189 fixcit
2908 1132 3002 1168 su-

786 1230 907 1287 per
936 1210 1045 1267 tali
1074 1229 1144 1269 re
1171 1230 1309 1268 cum
1341 1208 1453 1270 hoc
1477 1214 1842 1292 magistratu
1871 1212 2071 1292 utique
2098 1229 2252 1269 rem.

1023 1417 1126 1478 23.
1173 1434 1398 1479 ommo
1444 1436 1748 1479 Anvnasus
1791 1437 2054 1492 Qum-mu
2101 1437 2403 1479 aruncum
2446 1438 2766 1483 mentun.

874 1605 1242 1668 Rufinianus
1268 1607 1364 1667 De
1396 1605 1610 1685 figuris
1636 1626 1694 1667 c.
1728 1607 1831 1682 18,
1864 1626 1929 1688 p.
1964 1604 2088 1666 210
2131 1605 2231 1666 ed.
2268 1606 2548 1683 Ruhnk.,
2579 1607 2880 1673 Catonem
2912 1612 2997 1675 al*-

788 1702 916 1765 fert
943 1708 1005 1761 in
1045 1701 1378 1762 Thermum
1401 1717 1543 1780 pose
1585 1722 1932 1772 censuram,
1973 1702 2051 1764 de
2080 1723 2226 1783 qno,
2253 1705 2556 1784 quomodo
2584 1705 2667 1767 sit
2686 1706 2996 1790 explican-

790 1807 959 1880 dum,
995 1805 1228 1884 ambigi
1254 1816 1478 1886 potest.
1522 1806 1595 1865 ld
1623 1805 1793 1865 enim
1823 1824 1951 1867 non
1980 1804 2169 1866 habet
2198 1825 2336 1867 eam
2366 1806 2516 1880 vim,
2558 1821 2626 1869 ut
2649 1808 2815 1871 hanc
2842 1810 2998 1874 Cato

788 1905 1133 1971 orationem
1163 1904 1455 1967 habuerit
1502 1918 1641 1988 post
1680 1924 2008 1966 censuram
2054 1906 2330 1982 Thermi,
2378 1907 2666 1988 quoniam
2694 1910 2997 1974 Thermus

790 2022 1123 2084 numquam
1144 2015 1240 2062 est
1267 2019 1491 2064 censor
1518 2000 1738 2073 sactus,
1787 2002 1894 2062 sed
1923 2001 2092 2065 illam
2115 1999 2423 2082 intelligo,
2458 2024 2637 2085 quam
2665 2020 2826 2068 notoe
2852 2028 2996 2073 cen-

787 2105 995 2177 soriae‚
1041 2104 1173 2165 sive
1201 2102 1533 2164 Thermum
1558 2115 1801 2177 senatu,
1833 2122 1941 2165 seu
1967 2105 2234 2185 equestri
2263 2106 2796 2183 ordinemoverit,
2827 2112 2997 2173 addi-

789 2207 902 2268 dit.
969 2201 1450 2291 [Probabiliore,
1499 2204 1563 2265 ni
1610 2204 1902 2280 fallimur,
1956 2205 2074 2267 hoc
2120 2206 2364 2269 ratione
2413 2208 2718 2289 explicari
2766 2225 2989 2293 potest.

787 2303 1008 2366 Fiebat
1055 2300 1245 2377 enim,
1308 2314 1377 2362 ut
1434 2320 1725 2362 censores
1769 2299 1959 2364 etiam
2014 2314 2154 2385 post
2207 2316 2413 2366 actam
2469 2325 2800 2370 censuram
2844 2328 2992 2372 con-

785 2416 886 2463 tra
931 2401 1214 2464 homines
1243 2399 1323 2461 ab
1366 2399 1517 2481 ipsis
1565 2399 1712 2460 olim
1766 2413 2013 2462 notatos
2057 2401 2253 2464 verba
2290 2402 2592 2478 facerent,
2646 2403 2702 2466 si
2749 2409 2991 2486 quando

782 2499 1008 2574 honor,
1041 2519 1079 2560 a
1110 2518 1228 2579 quo
1257 2517 1369 2580 per
1394 2516 1719 2558 censuram
1748 2496 1984 2560 exclusi
2014 2499 2412 2571 videbantur,
2448 2500 2527 2563 iis
2559 2504 2865 2583 posterius
2891 2507 2991 2568 de·

782 2596 1075 2657 serretur.
1109 2591 1214 2658 Sic
1237 2613 1340 2675 ap.
1379 2592 1513 2655 Cic.
1559 2593 1673 2656 Or.
1703 2614 1820 2675 pro
1849 2594 2101 2657 Cluent.
2132 2616 2189 2658 c.
2225 2595 2332 2670 42,
2367 2596 2476 2673 43,
2511 2597 2618 2661 45.
2651 2600 2786 2661 Tali
2813 2620 2988 2664 occa·

779 2693 955 2759 sione
977 2697 1110 2758 haec
1129 2693 1329 2756 oratio
1358 2688 1576 2773 quidni
1603 2691 1794 2755 fuerit
1821 2692 2035 2755 habita
2053 2688 2110 2781 Ρ]

867 2790 1232 2855 Rufinianus
1259 2792 1379 2852 hoc
1406 2789 1819 2870 fragmentum
1844 2787 2162 2854 servavit:
2202 2792 2327 2871 Qui
2351 2803 2633 2852 ventrem
2669 2814 2841 2853 suum
2866 2817 2985 2857 uon

775 2911 891 2970 pro
936 2889 1105 2950 hoste
1142 2888 1342 2957 habet,
1385 2893 1492 2973 qui
1511 2908 1632 2966 pro
1677 2909 1746 2947 re
1781 2888 2054 2967 publica,
2099 2909 2219 2947 uon
2259 2908 2377 2966 pro
2415 2909 2525 2948 sua
2563 2889 2839 2969 obsonat,
2882 2899 2985 2977 qui

778 2990 953 3050 stulte
972 2991 1247 3068 spondet,
1281 2992 1388 3071 qui
1415 2989 1629 3065 cupide
1650 2988 1935 3070 aedtficat.

848 3166 944 3198 non
968 3164 1071 3216 pro
1094 3143 1237 3195 hoste
1260 3142 1445 3209 habet]
1481 3142 1661 3195 Barth.
1718 3141 1940 3196 Advers.
1988 3143 2139 3207 XVI,
2188 3143 2285 3206 13;
2332 3144 2645 3207 xxxvnl,
2678 3146 2731 3205 6,
2759 3145 2983 3198 mutavit

915 3250 1114 3285 nummo
1125 3248 1230 3301 pro
1253 3228 1396 3283 hoste
1411 3227 1583 3288 habet,
1614 3228 1759 3299 quod
1782 3247 1841 3282 se
1868 3248 1976 3282 non
2001 3227 2299 3300 intelligere
2327 3229 2443 3301 ipse
2468 3230 2827 3283 Ruhnkenius
2853 3250 2979 3302 pro—

915 3316 1116 3377 fitetur,
1135 3311 1317 3365 deesse
1339 3324 1514 3365 tamen
1539 3310 1742 3381 aliquid
1769 3311 1825 3363 in
1852 3310 1953 3365 hoc
1973 3311 2264 3384 fragmento
2291 3313 2577 3367 existimat.

840 3458 1049 3511 uonpro
1065 3444 1199 3506 sua]
1235 3437 1338 3489 int.
1365 3455 1462 3487 non
1480 3454 1583 3506 pro
1606 3454 1706 3486 sua
1729 3454 1788 3487 re
1810 3437 2015 3488 absonat
2047 3457 2064 3487 .-
2091 3437 2212 3506 qui,
2249 3449 2509 3508 tamquam
2530 3438 2801 3510 possideat
2817 3442 2981 3494 vecti-

908 3527 1048 3600 galia
1075 3526 1242 3579 totius
1261 3523 1586 3596 reipublicae,
1607 3540 1717 3576 non
1736 3541 1835 3596 pro
1861 3541 1961 3575 suo
1979 3522 2196 3605 modulo
2213 3538 2484 3597 sumptum
2502 3544 2665 3579 coenoe
2691 3528 2835 3581 facit.

849 3671 1061 3733 Faetus
1094 3669 1162 3732 in
1192 3689 1254 3728 v.
1288 3666 1543 3728 Sacrem
1563 3687 1845 3745 porcum,
1867 3664 1911 3728 i.
1941 3688 2000 3730 e.
2026 3664 2133 3749 qui
2156 3687 2193 3729 a
2219 3687 2397 3730 ruma
2422 3669 2709 3752 depulsus
2733 3668 2975 3735 decimo

766 3770 1020 3834 circiter
1049 3791 1085 3832 a
1122 3783 1307 3852 partu
1334 3768 1433 3830 die
1459 3764 1897 3830 immolabatur
1929 3790 1944 3829 ε
1992 3794 2022 3825 α
2067 3768 2224 3832 Cato
2269 3765 2600 3858 adver[sus
2640 3773 2722 3856 Q.
2775 3774 2972 3836 Minu·

766 3869 930 3930 cium
957 3861 1118 3953 The]
1129 3886 1325 3927 rmum
1348 3876 1488 3947 post
1494 3907 1626 3927 .....
1663 3858 1790 3951 [sa]
1801 3884 1976 3925 crem
2007 3868 2069 3922 in
2099 3860 2275 3954 si[nu
2306 3861 2647 3956 mactavit]
2686 3893 2715 3924 ι

820 4006 973 4075 pose]
1021 4001 1232 4054 Excidit
1254 4002 1437 4055 vocab.
1478 4017 1763 4054 censuram·
1805 3998 2002 4065 [Plura
2032 3998 2361 4068 exciderunt,
2380 4016 2443 4057 et
2476 4005 2635 4057 verba
2660 4023 2780 4076 quoe
2811 4005 2965 4059 testi·

902 4100 1134 4141 luuntur
1158 4086 1357 4138 ineerta
1379 4096 1528 4139 sunt.
1550 4090 1570 4151 ]

842 4208 1152 4271 Priscian.
1205 4207 1371 4281 vm,
1426 4207 1486 4281 3,
1531 4225 1596 4287 p.
1633 4205 1753 4270 365
1797 4226 1813 4266 ε
1874 4205 1959 4265 Μ.
1993 4206 2147 4270 Cato
2191 4208 2504 4271 censorius
2550 4211 2615 4273 in
2645 4211 2724 4294 Q
2776 4210 2966 4272 Ther·

755 4322 922 4369 mum
958 4326 974 4365 t
1021 4305 1352 4387 Postquam
1382 4303 1781 4385 de‘tece'usfitur.
1818 4302 1945 4368 Ubi
1950 4303 2111 4383 fitur
2132 4319 2227 4367 est
2251 4324 2368 4387 pro
2392 4304 2485 4367 fit.
