3367 5417
1833 451 1970 525 316

881 588 1108 655 Caelius]
1146 586 1478 657 antiquitatis
1503 597 1560 639 et
1590 585 1951 639 obsoletos-um
1977 585 2355 638 vocabulorum
2381 587 2640 639 maximus
2670 588 2773 639 fuit
2798 603 3014 650 amator,

945 683 1008 724 ut
1033 689 1097 723 ex
1122 668 1239 740 ejus
1266 668 1518 742 Epistolis
1544 687 1756 740 quoque
1790 669 1855 721 ad
1887 669 2193 721 Ciceronem
2221 668 2562 741 intelligitur.

888 795 1199 859 Priscian.
1240 797 1415 867 vlu,
1465 795 1529 871 4,
1577 815 1640 877 p.
1695 795 1818 857 370
1847 816 1862 854 t
1896 793 2126 857 Coelius
2160 815 2176 854 ε
2212 794 2326 855 Ex
2356 798 2599 874 scriptis
2627 817 2864 871 eorum,
2908 804 3020 882 qm·

803 893 1357 968 vcn’arbitrantur,
1385 896 1631 980 passive
1658 906 2097 975 ὑπολαμβάνονται.

875 1031 1102 1098 Coeleics]
1139 1032 1228 1084 hic
1253 1030 1458 1097 dubito,
1491 1032 1578 1084 cui
1600 1030 1802 1104 potius,
1834 1032 2030 1083 oratori
2057 1048 2123 1081 an
2143 1029 2416 1093 historico,
2442 1027 2499 1082 id
2522 1030 2594 1083 sit
2610 1028 3008 1083 vindicandum.

944 1113 1190 1168 Editores
1217 1115 1425 1186 Fragm.
1453 1114 1831 1189 historicorum
1860 1114 2142 1185 Antipatro
2176 1112 2230 1164 id
2259 1111 2522 1164 tribuunt.

889 1236 1197 1297 Priscian.
1233 1237 1419 1307 Xlll,
1459 1236 1518 1310 3,
1575 1256 1640 1318 Ρ.
1690 1236 1808 1300 566
1859 1236 1959 1297 ed.
2009 1234 2262 1309 Krehl.,
2312 1255 2380 1318 p.
2420 1237 2542 1299 960
2572 1238 2671 1300 ed.
2705 1239 2960 1300 Putsoli.
2996 1260 3014 1299 ε

799 1335 903 1396 M.
939 1335 1159 1395 Caelius
1189 1337 1264 1398 de
1289 1337 1517 1400 vestitu
1546 1349 1610 1399 et
1651 1335 1950 1398 vehiculis
1977 1358 1993 1395 ε
2041 1336 2214 1395 Nam
2251 1332 2663 1418 perinjurium
2691 1342 2834 1411 siet,
2877 1360 3013 1397 cum

801 1435 955 1495 mihi
981 1437 1060 1497 ob
1087 1458 1193 1498 cos
1216 1459 1444 1511 moreS,
1477 1460 1631 1525 quc-s
1645 1444 1825 1518 prius
1848 1437 2058 1511 habui,
2085 1436 2273 1497 honos
2302 1438 2476 1497 detur
2488 1461 2519 1511 ,·
2546 1436 2651 1497 ubi
2676 1440 2852 1498 datus
2877 1445 3009 1513 siet,

800 1551 928 1596 tum
968 1543 1057 1598 uti
1082 1559 1194 1599 eos
1217 1556 1449 1604 mutem
1479 1555 1656 1625 atque
1682 1539 1795 1598 alic·
1824 1539 1993 1600 modi
2030 1542 2208 1598 siem.

874 1676 961 1729 M.
994 1677 1458 1764 CoeliusLtemere
1485 1679 1574 1731 bic
1601 1677 1752 1730 locus
1782 1679 1855 1728 Μ.
1886 1674 2059 1729 Coelio
2088 1672 2351 1727 tribuitur
2380 1685 2491 1725 tum
2524 1693 2551 1724 a
2589 1674 2917 1729 Ruhnkenio
2952 1678 3015 1729 ad

944 1763 1218 1817 Velle-ium
1261 1764 1333 1827 11,
1383 1766 1472 1826 68,
1503 1775 1618 1817 tum
1644 1781 1674 1815 a
1701 1760 1963 1814 Kreblioz
2013 1761 2233 1813 Catonis
2270 1760 2413 1812 enim
2460 1772 2544 1813 est
2569 1764 2673 1830 (ut
2712 1760 3017 1815 Ellendtius

939 1860 1079 1901 recte
1104 1848 1258 1917 vidit)
1296 1861 1354 1901 et
1379 1866 1446 1900 ex
1479 1846 1721 1900 censoria
1743 1845 1982 1899 oratione
2009 1842 2341 1915 desumptus,
2367 1844 2511 1913 quod
2535 1862 2600 1896 ex
2619 1843 2741 1896 aliis
2761 1846 3013 1899 Prisciani

939 1936 1072 1988 locis
1096 1948 1148 1988 et
1174 1955 1240 1988 ex
1273 1936 1391 2007 ipso
1414 1934 1668 1988 orationis
1694 1932 1869 1987 colore
1893 1944 1948 1984 et
1988 1943 2298 2004 argumento
2332 1929 2566 2002 perspici
2610 1944 2806 2002 potest.
2837 1935 3010 2001 Quare

939 2018 1081 2070 inter
1106 2019 1324 2070 Catonis
1344 2017 1610 2070 orationes
1628 2036 1789 2088 supra
1814 2014 2096 2067 retulimus
2119 2034 2174 2086 p.
2210 2016 2296 2066 38.

882 2143 1097 2205 Barth.
1137 2142 1513 2205 Adversaria
1540 2141 1896 2212 xxxvnl,
1934 2139 2038 2210 14,
2079 2160 2143 2220 p.
2177 2139 2364 2202 1748:
2395 2139 2487 2199 Ex
2518 2139 2759 2201 Lexico
2808 2153 3013 2202 vetere

800 2239 1220 2304 Terentiano:
1257 2264 1286 2295 α
1321 2240 1637 2318 Adjuvant
1670 2258 2019 2301 sermonem
2065 2259 2143 2299 ex
2194 2239 2538 2301 abundanti
2590 2238 2824 2300 addita.
2879 2239 3009 2302 Coe·

797 2339 956 2399 lius:
995 2337 1152 2396 Hoec
1189 2351 1430 2396 caterva
1467 2337 1652 2415 plena
1681 2337 2095 2415 gladiatorum
2128 2357 2270 2396 cum
2312 2357 2491 2394 suum
2523 2334 2648 2395 sibi
2695 2337 2891 2396 alium
2920 2359 3010 2397 so·

800 2437 960 2494 cium
989 2438 1216 2494 socius‘.

875 2572 1068 2626 Catius
1092 2578 1111 2640 ]
1151 2571 1330 2625 Barth.
1364 2571 1402 2624 l.
1447 2572 1484 2624 l.
1507 2591 1562 2643 p.
1591 2574 1762 2625 1750:
1798 2570 1968 2631 Coelii,
1988 2572 2185 2643 inquit,
2215 2574 2365 2624 verba
2383 2570 2463 2624 ita
2491 2572 2710 2645 legenda
2735 2574 2970 2625 vedentur
2998 2596 3012 2624 :

947 2687 963 2708 ι
998 2663 1130 2714 Haec
1160 2668 1391 2731 patema
1420 2679 1580 2731 poena
1616 2662 1995 2734 gladiatorum,
2031 2658 2283 2713 consum‘t
2310 2678 2479 2712 ὶιιϊιιιηι
2506 2659 2607 2713 uzi
2637 2658 2801 2712 alima
2834 2659 3017 2712 socium

939 2745 1126 2797 socius.
1160 2767 1185 2792 n
1234 2746 1302 2795 In
1341 2744 1638 2798 membr-anis
1678 2744 1931 2813 scr-epium
1948 2743 2073 2812 fuit
2087 2745 2259 2813 primo
2279 2743 2549 2808 Otacilius,
2601 2744 2699 2798 ted
2714 2744 2831 2796 duct
2856 2743 3018 2796 lilerae

938 2847 1101 2881 erasa
1128 2835 1291 2899 atquc
1324 2835 1600 2900 expuncta
1637 2834 1781 2880 sunt.
1816 2825 2281 2901 Egotm’ke'lout'nus
2309 2827 2528 2881 caecilio
2555 2828 2725 2900 magis
2754 2827 3012 2881 convenire

939 2934 1096 2985 quam
1125 2915 1284 2968 Coelio
1303 2914 1544 2968 arbitror.

880 3052 1146 3137 Quintil.
1202 3053 1258 3125 1,
1294 3054 1353 3125 5,
1385 3051 1460 3112 61
1502 3073 1519 3111 =
1548 3053 1642 3114 Ne
1662 3053 1731 3114 in
1753 3076 1790 3111 a
1814 3052 2060 3134 quidem
2077 3065 2261 3133 atque
2285 3074 2317 3112 s
2345 3052 2565 3114 literas
2584 3050 2758 3114 exire
2779 3066 3013 3116 temere

796 3149 1137 3212 masculina
1163 3150 1389 3214 Graeca
1426 3151 1679 3212 nomina
1729 3164 1905 3212 recto
1954 3171 2101 3213 casu
2147 3150 2574 3233 patiebantur,
2635 3148 2891 3231 ideoque
2943 3165 3007 3211 et

805 3251 965 3332 apud
999 3248 1261 3309 Ccelc'um
1285 3248 1543 3326 legimus
1565 3248 1750 3324 Pelia
1766 3253 2144 3310 ce'ncitmaaeus
2170 3263 2235 3311 et
2262 3250 2420 3330 apud
2454 3248 2814 3316 Messalam,
2840 3249 3011 3307 Bene

779 3352 949 3428 jecit
974 3348 1204 3412 Euthia
1228 3363 1293 3412 et
1319 3350 1480 3430 apud
1516 3348 1903 3424 Ciceronem,
1933 3350 2341 3429 Hermagora,
2376 3369 2457 3412 ne
2500 3349 2821 3423 miremur,
2850 3351 3011 3432 quod

800 3452 878 3516 ab
909 3449 1309 3533 antiquorum
1336 3449 1648 3536 plerisque
1677 3437 1893 3513 Aenea
1915 3465 1977 3509 et
1997 3449 2277 3510 Anchisa
2300 3453 2382 3514 sit
2413 3448 2639 3513 dictus.

615 3564 745 3640 196
874 3590 1123 3659 Coelizam]
1160 3590 1385 3654 Coelius,
1418 3589 1664 3653 Messala,
1717 3590 1902 3643 Cicero
1959 3593 2012 3644 in
2058 3593 2157 3646 hoc
2208 3593 2332 3646 loco
2374 3594 2609 3663 antiquis
2654 3593 3011 3644 Romonorunn

947 3678 1297 3750 scriptoribus
1335 3689 1715 3749 opponuntur,
1765 3678 1851 3736 ita,
1874 3690 1935 3730 ut
1985 3691 2184 3750 pateat,
2232 3700 2337 3734 non
2384 3677 2603 3734 caleam
2656 3675 3016 3748 Antipatrum,

947 3761 1406 3831 historicum,.qui
1438 3761 1554 3831 ipse
1577 3778 1644 3812 ex
1680 3779 1904 3814 numero
1935 3764 2271 3832 antiquorum
2302 3775 2403 3824 est,
2432 3761 2667 3833 intelligi
2694 3779 2875 3832 posse,
2921 3761 3007 3813 sed

947 3845 1121 3898 multo
1146 3845 1491 3899 recentiorem
1519 3841 1675 3896 illum
1703 3845 1786 3896 M.
1827 3844 2044 3898 Caele‘um
2072 3847 2294 3915 Rufiam,
2338 3845 2594 3918 aequalem
2617 3844 2893 3898 Ciceronis
2935 3859 3009 3896 at·

951 3947 1055 3999 que
1073 3927 1336 3981 Messalae.
1357 3958 1423 3968 —
1446 3926 1501 3978 ls
1527 3926 1582 3978 in
1602 3926 1843 3978 oratione
1868 3929 2093 3996 quadam
2120 3930 2480 3982 Romanorum
2510 3926 2814 4000 principum
2842 3927 3014 3978 nescio

947 4032 1105 4084 quem
1130 4012 1333 4066 Pellam
1355 4009 1699 4063 ce‘nct'rmatum
1726 4010 1865 4063 salse
1891 4013 2113 4076 vocavit,
2145 4028 2205 4067 ut
2233 4016 2419 4068 Cicero
2440 4015 2605 4065 facete
2623 4011 2883 4062 Romulus
2911 4013 3013 4065 Ar-

939 4099 1096 4169 pinas
1120 4098 1412 4157 dicebatur,
1456 4100 1729 4168 quia'post
1753 4095 2172 4169 conjurationem
2206 4100 2452 4153 Catilina:
2480 4099 2737 4152 detectam
2776 4116 2919 4166 aeque
2950 4095 3013 4146 de

951 4184 1117 4234 Roma
1143 4201 1199 4233 se
1225 4183 1469 4234 meritum
1504 4199 1622 4233 esse
1662 4193 1819 4250 atque
1858 4181 2167 4248 Romulum,
2215 4184 2445 4254 primum
2494 4182 2642 4236 urbis
2668 4181 3013 4236 fundatorem,

949 4267 1205 4337 gloriatus
1231 4282 1331 4321 est.
