3367 5417
1896 450 1985 524 72

834 590 1274 655 contumeliose
1291 589 1540 664 Cicero,
1575 606 1788 651 nonne
1813 583 1869 650 is
1896 586 2334 650 Clodianarum
2357 604 2433 649 eo
2458 596 2742 669 tempore
2758 587 3044 670 partium

833 687 997 750 fuit?
1027 692 1109 754 V.
1131 689 1264 754 Cic.
1290 689 1447 771 Epp.
1480 685 1559 747 ad
1580 687 1713 748 Att.
1738 687 1797 760 1,
1823 684 1927 747 14.
1959 685 2141 749 Hunc
2162 685 2443 751 oratione
2458 680 2762 769 proscidit
2780 685 3038 766 Cicero,

834 807 1022 869 quam
1048 785 1355 896 prolatam
1379 784 1549 848 dolet
1570 780 1811 854 ih.111.
1839 778 1941 856 15,
1967 779 2266 846 nimirum
2295 800 2431 865 quae
2451 793 2699 864 patrem
2724 780 3040 846 offensum

833 899 1016 960 esset,
1052 882 1108 946 si
1133 880 1371 966 scripta
1398 881 1468 944 in
1492 897 1712 943 manus
1733 879 2052 943 hominum
2076 880 2461 962 perveniret.
2493 877 2831 944 Nobiscum
2850 883 3046 945 sentit

832 983 1086 1050 Schtitz.
1132 985 1212 1046 ad
1255 984 1378 1044 Or.
1423 980 1492 1044 in
1518 979 1696 1044 Clod.
1730 991 1796 1043 et
1820 980 1973 1044 Cur.
2000 1000 2066 1062 p.
2103 979 2224 1042 227
2254 999 2388 1062 sqq.
2411 1009 2497 1025 -—-·
2539 980 2821 1043 Mortuus
2848 980 3043 1046 Curio

831 1100 1014 1170 pater
1049 1107 1109 1149 a.
1148 1084 1298 1161 700,
1345 1075 1468 1147 Cn.
1508 1079 1807 1160 Domitio,
1853 1083 1942 1145 Μ.
1965 1083 2226 1146 Messala
2263 1080 2437 1147 Coss·
2478 1082 2560 1146 V.
2591 1081 2729 1145 Cic.
2755 1083 2920 1168 Epp.
2964 1086 3042 1147 ad

834 1187 1004 1250 divv.
1029 1184 1118 1260 11,
1146 1186 1210 1248 2.

918 1284 1149 1346 Causas
1170 1300 1208 1343 a
1225 1278 1500 1343 Curione
1526 1280 1727 1342 dictas
1752 1296 2098 1362 perpaucas
2114 1275 2342 1342 scimus
2361 1298 2562 1359 neque
2582 1275 2772 1342 dubia
2794 1278 2933 1361 ejus
2951 1283 3043 1345 rei

836 1398 1024 1442 causa
1046 1381 1307 1441 Brutum
1335 1397 1518 1461 capp.
1548 1374 1652 1449 60,
1690 1376 1764 1436 61
1801 1376 2148 1455 legentibus
2196 1376 2400 1438 videri
2426 1386 2662 1458 potest.
2699 1377 3047 1442 Probabile

835 1492 932 1541 est
958 1475 1149 1541 etiam
1178 1476 1561 1550 orationum,
1604 1491 1758 1556 quas
1785 1471 2211 1557 adspiciendas
2235 1475 2455 1536 saltem
2483 1486 2698 1537 censet
2718 1475 2853 1539 Cic.
2878 1476 2926 1537 l.
2959 1497 3044 1554 3.,

833 1575 1134 1660 majorem
1160 1587 1404 1659 partem
1434 1573 1504 1635 in
1534 1586 1757 1636 senatu
1785 1574 1886 1636 vel
1923 1592 2040 1656 pro
2073 1571 2375 1637 concione
2401 1572 2648 1635 habitas
2674 1593 2858 1638 esse..
2874 1573 3039 1667 .[V.

830 1673 915 1734 fr.
937 1693 1005 1754 p.
1034 1673 1152 1735 165
1174 1693 1269 1752 sq.
1274 1667 1301 1760 ]
1353 1666 1720 1731 Eruditione
1754 1667 1947 1732 Curio
1975 1687 2117 1731 cum
2143 1687 2397 1751 prorsus
2435 1683 2713 1744 careret,
2785 1672 3043 1736 actione

830 1774 1117 1850 ridicula,
1140 1770 1442 1836 memoria
1472 1771 1642 1833 nulla
1669 1784 1976 1844 uteretur,
1997 1770 2341 1834 verborum
2366 1771 2498 1834 sola
2523 1768 2833 1849 bonitate,
2863 1795 3048 1856 quam

829 1896 943 1938 usu
971 1875 1305 1939 domestico
1332 1884 1665 1952 acceperat
1681 1917 1699 1947 ,
1747 1869 1819 1934 in
1860 1861 2181 1933 oratorum
2218 1889 2549 1935 numerum
2580 1870 2783 1935 venit.
2833 1873 2941 1938 Sic
2981 1878 3049 1938 in

832 1979 1012 2039 Brut.
1039 1997 1100 2038 c.
1128 1976 1207 2038 58
1233 1974 1460 2037 Cicero
1482 1970 1727 2053 judicat
1742 2014 1761 2044 ‚
1803 1971 1879 2034 de
1907 1975 2210 2036 memoria
2238 1970 2405 2035 idem
2448 1974 2828 2038 confirmans
2861 1976 3045 2043 orat.

834 2093 893 2135 3.
924 2074 1028 2137 52.
1075 2072 1153 2133 13
1185 2072 1402 2134 eodem
1437 2066 1663 2131 Cicero
1693 2067 2009 2152 vituperat
2037 2071 2201 2152 apud
2221 2070 2681 2154 Quintilianum
2700 2074 2811 2147 vl,
2845 2073 2909 2147 3,
2935 2075 3045 2146 76,

836 2172 1007 2254 quod
1024 2189 1153 2231 una
1178 2186 1425 2248 semper
1445 2165 1780 2246 eademque
1800 2167 2198 2230 exordiorum
2225 2168 2426 2234 forma
2445 2180 2763 2247 uteretur3
2799 2169 3053 2253 incipie-

833 2270 945 2333 bat
973 2270 1142 2333 enim
1165 2267 1420 2330 nonnisi
1443 2264 1523 2327 ab
1547 2265 1751 2327 aetatis
1774 2271 2196 2332 excusatione.
2232 2270 2510 2346 Patrem,
2540 2288 2667 2333 non
2699 2267 2899 2332 filium
2927 2272 3046 2336 Cu-

833 2370 1075 2433 rionem
1097 2366 1365 2446 intelligi
1387 2365 1641 2440 debere,
1664 2365 1828 2427 bene
1847 2369 1925 2428 ad
1945 2368 2009 2430 h.
2038 2368 2085 2430 l.
2112 2368 2323 2431 docuit
2345 2367 2769 2452 SpaldingiuS.

923 2472 1027 2532 55.
1074 2466 1319 2550 Deinde
1356 2461 1633 2547 sequitur
1670 2465 1754 2547 Q.
1794 2466 2175 2552 Hortensius5
2210 2471 2280 2531 in
2309 2489 2430 2551 quo
2461 2489 2589 2533 non
2625 2470 3038 2549 morabimur,

836 2566 985 2649 quia
1009 2566 1154 2648 quid
1182 2564 1327 2626 addi
1356 2563 1550 2646 possit
1576 2562 1658 2626 ad
1684 2564 1997 2627 eruditum
2036 2579 2101 2627 et
2127 2565 2443 2648 copiosum
2477 2565 2807 2648 specimen
2846 2569 2926 2630 de
2960 2572 3041 2654 Q.

834 2661 1192 2737 Hortensio,
1210 2662 1404 2740 Lngd.
1422 2663 1560 2723 Bat.
1575 2659 1736 2724 1810
1755 2664 2067 2726 aLuzacio
2081 2663 2352 2726 editum?
2385 2660 2495 2753 [V.
2518 2664 2598 2726 fr.
2613 2684 2681 2747 p.
2698 2665 2727 2725 1
2740 2664 3038 2754 68·172.]

833 2765 910 2827 L.
959 2766 1237 2826 Sisennae
1288 2773 1494 2824 autem
1538 2760 1751 2824 laudes
1804 2763 2089 2825 oratoriae
2133 2763 2549 2827 Historiarum
2594 2765 3042 2846 compositione

834 2866 989 2928 adeo
1019 2876 1164 2925 sunt
1190 2861 1564 2932 obscuratas,
1611 2874 1683 2923 ut
1721 2862 1974 2925 nonnisi
2001 2883 2081 2926 ex
2123 2865 2320 2926 Bruto
2370 2884 2429 2926 3.
2473 2863 2552 2926 64
2596 2875 2663 2926 et
2698 2864 2778 2926 74
2819 2885 3044 2946 cogno·

832 2973 1106 3024 scantur.
1158 2960 1323 3021 Adeo
1353 2958 1483 3041 ejus
1512 2958 1783 3022 oratoris
1817 2958 2126 3022 memoria
2152 2960 2406 3023 evanuit
2423 3008 2439 3037 ,
2488 2973 2558 3023 ut
2598 2979 2801 3043 neque
2844 2982 3041 3026 cama

832 3082 1018 3144 quam
1047 3060 1270 3140 egerit,
1304 3080 1505 3141 neque
1529 3058 1833 3121 orationis
1871 3058 1983 3123 fiat
2009 3060 2272 3136 mentio,
2317 3060 2443 3123 nisi
2481 3059 2622 3141 quis
2659 3062 2782 3124 huc
2812 3062 3049 3127 referre

829 3160 1005 3233 velit,
1027 3159 1188 3240 quod
1205 3157 1395 3222 Verri
1415 3156 1640 3219 favisse
1664 3155 1913 3219 dicatur
1928 3158 2185 3220 Verrin.
2206 3158 2452 3234 111,45;
2473 3160 2553 3233 V,
2583 3157 2687 3220 20.
2724 3161 3046 3242 AEqualem

828 3262 1149 3326 Sisennam
1179 3259 1364 3322 Sullae
1396 3256 1579 3319 fnisse
1612 3254 1871 3332 scimus;
1903 3277 2031 3321 non
2063 3270 2281 3331 aetate,
2316 3259 2425 3320 sed
2461 3260 2623 3339 quod
2657 3278 2731 3322 eo
2763 3273 3046 3345 tempore

828 3360 1063 3433 floruit,
1091 3371 1161 3420 ut
1182 3358 1436 3422 Catulus
1463 3357 1695 3430 minor,
1718 3356 1925 3428 Cotta.
1952 3357 2166 3422 Curio.
2198 3361 2440 3422 Praetor
2467 3359 2638 3421 enim
2662 3359 2781 3422 fuit
2805 3382 2865 3423 a.
2889 3362 2969 3427 67
2979 3366 3039 3437 5,

828 3459 1062 3543 Lepido
1086 3468 1154 3520 et
1178 3454 1402 3519 Catulo
1427 3453 1599 3517 Coss.
1642 3452 1746 3517 Sic
1775 3455 2043 3522 Ursinus
2070 3456 2149 3517 ad
2175 3453 2545 3535 Jugurtham
2573 3456 2850 3519 Sallustii
2877 3478 2939 3520 3.
2967 3462 3044 3524 98

826 3569 1088 3619 testatur
1127 3555 1196 3617 13
1235 3572 1407 3616 oenea
1445 3549 1662 3617 tabula
1698 3553 1859 3636 apud
1901 3572 1968 3616 se
2007 3572 2138 3615 esse
2164 3552 2440 3617 Sisennae
2466 3573 2697 3617 nomen
2750 3566 3049 3635 tanquam

828 3655 1113 3737 praetoris
1151 3653 1497 3739 peregrini,
1529 3653 1902 3718 Consulibus
1939 3653 2039 3728 iis,
2083 3674 2232 3736 quos
2271 3654 2422 3717 dixi.
2474 3656 2727 3736 Repetit
2761 3655 2926 3716 idem
2964 3659 3048 3721 ad

829 3755 1158 3819 Ciceronis
1176 3756 1636 3819 Cornelianam.
1682 3757 1909 3819 Filium
1937 3755 2057 3819 Cn.
2083 3756 2448 3820 Cornelium
2472 3755 2794 3819 Sisennam
2827 3754 2904 3817 13
2939 3758 3043 3820 de·

830 3850 1032 3920 uariis
1061 3856 1375 3930 argenteis
1401 3866 1650 3917 exstare
1675 3855 1915 3916 dicunt.
1962 3855 2115 3915 Inde
2143 3856 2333 3917 etiam
2361 3875 2592 3917 nomen
2620 3852 2851 3934 gentile
2885 3854 3038 3918 Cor·

831 3954 1066 4017 nelium
1081 3972 1212 4015 esse
1230 3955 1478 4016 Vossius
1506 3965 1732 4018 contra
1752 3953 2099 4016 Corradum
2114 3954 2385 4016 ostendit
2405 3955 2503 4016 De
2516 3955 2665 4017 hist.
2687 3954 2826 4015 Lat.
2852 3956 2910 4031 Ι,
2935 3955 3035 4029 10,

829 4072 897 4134 p.
919 4050 1025 4114 44.
1060 4049 1312 4130 Pighius
1336 4064 1541 4118 autem
1561 4051 1668 4113 illo
1688 4070 1857 4113 anno
1889 4063 2250 4131 questorem
2272 4050 2455 4114 fuisse
2479 4053 2639 4127 vult,
2662 4052 2824 4133 quod
2843 4054 3040 4114 oetatis

829 4169 1017 4213 causa
1044 4146 1305 4233 concedi
1335 4168 1461 4212 non
1491 4162 1713 4232 potest.
1752 4149 1860 4214 Sic
1887 4148 2053 4211 enim
2083 4168 2211 4212 non
2238 4151 2432 4212 multo
2461 4150 2666 4234 major
2687 4159 2852 4218 esset
2877 4148 3042 4213 Cice·

829 4269 1006 4327 rone,
1047 4250 1155 4330 qui
1187 4251 1468 4312 eumdem
1499 4250 1926 4330 magistratum
1968 4269 2029 4312 a.
2070 4248 2194 4314 678
2225 4251 2437 4329 gessit.
2483 4251 2551 4317 Si
2569 4250 2845 4319 Velleius
2872 4250 3036 4313 hune
