3367 5417
1853 423 1944 492 50

902 563 1007 627 60.
1056 561 1330 626 Moribus
1354 560 1693 624 iracundus
1718 558 1836 621 suit
1881 561 1958 623 ad
1988 559 2297 626 insam‘am
2336 578 2530 643 usque
2577 558 2680 644 (v.
2714 561 3025 628 Senecam

815 666 911 726 De
935 664 1031 727 ira
1063 665 1179 738 111,
1215 663 1315 745 8),
1345 663 1617 745 vitaque,
1660 681 1803 724 cum
1842 663 2154 742 insignem
2182 662 2393 724 formoe
2433 661 2804 741 dignitatem
2823 664 3028 748 impu-

808 763 965 826 dione
1009 756 1300 823 mulieres
1339 772 1405 822 et
1450 759 1734 822 homines
1780 759 2082 823 luxuriosi
2115 769 2515 841 expeterent,
2577 761 2770 822 seculi
2817 758 3026 843 potius

810 881 997 945 quam
1022 858 1118 924 sui
1148 860 1331 944 culpa
1352 880 1479 922 non
1508 861 1660 922 satis
1677 878 1894 944 purus.
1927 858 2291 941 Inquinatos
2305 856 2441 941 ejus
2467 877 2674 922 mores
2728 880 2767 922 a
2800 861 3019 927 Valer.

808 961 969 1021 Max.
1014 962 1121 1031 lV,
1156 958 1220 1033 2,
1252 959 1314 1030 Ἰ,
1338 954 1607 1039 Quintil.
1636 957 1689 1033 1,
1716 958 1779 1030 6,
1811 955 1916 1031 29,
1949 957 2093 1022 coll.
2141 954 2278 1018 Cic.
2309 956 2467 1038 Epp.
2516 956 2597 1018 ad
2633 957 2773 1017 Au.
2800 960 2917 1034 vl,
2956 959 3018 1034 1,

808 1058 1024 1139 paucis
1052 1050 1227 1132 tangi
1255 1054 1553 1116 videmus.
1602 1054 1978 1117 Saltatorem
2009 1052 2218 1133 (quod
2244 1069 2430 1133 quam
2468 1053 2730 1137 plenum
2759 1052 3021 1135 impudi-

808 1158 972 1221 citioe
989 1170 1054 1219 et
1082 1155 1354 1218 convicii
1374 1154 1585 1230 fuerit,-
1615 1151 1884 1236 scimus)
1910 1173 2051 1216 eum
2078 1153 2350 1237 appellat
2376 1153 2651 1216 Macrob.
2682 1155 2773 1229 11,
2833 1174 2898 1216 c.
2940 1156 3017 1220 10

809 1271 973 1320 extr.
987 1304 1003 1334 ,
1048 1256 1219 1318 haud
1264 1255 1453 1317 dubie
1487 1255 1772 1335 antiquos
1809 1267 2057 1317 secutus
2099 1259 2412 1317 auctores.
2461 1254 2505 1316 J
2508 1273 2609 1315 am
2653 1254 3019 1336 turpissimae

809 1358 1054 1420 semines
1093 1354 1327 1445 Clodiae
1357 1372 1597 1417 amores
1636 1356 1802 1419 malo
1830 1356 2196 1417 documento
2238 1367 2406 1417 sunt.
2447 1352 2631 1416 Conf.
2678 1355 2752 1416 P.
2808 1356 3019 1419 Victo-

811 1456 976 1518 rium
996 1458 1149 1521 Var.
1183 1455 1388 1517 Lectt.
1411 1455 1579 1530 xvi,
1620 1458 1677 1531 1,
1701 1456 2022 1534 eleganter
2042 1455 2121 1516 de
2146 1454 2286 1517 loco
2324 1452 2554 1516 Catulli
2573 1453 2858 1517 Clodiam
2885 1469 3019 1518 tan·

807 1568 997 1636 gente
1039 1556 1461 1618 disserentem.
1500 1556 1792 1635 Magnam
1848 1573 2088 1636 quoque
2149 1555 2484 1619 Catilinam
2531 1555 2822 1617 assectati
2862 1555 3018 1620 infa-

808 1658 995 1721 miam
1031 1677 1167 1720 esse
1195 1658 1547 1739 oportebat,
1581 1675 1701 1721 nec
1722 1669 1964 1720 tantum
2003 1658 2171 1721 valet
2190 1654 2522 1721 Ciceronis
2562 1675 2689 1731 ars,
2723 1658 3021 1721 tenebras

803 1756 1135 1839 judicibus,
1169 1768 1241 1817 ut
1264 1758 1397 1839 ipse
1424 1757 1607 1831 dixit,
1646 1757 2031 1832 effundendi,
2067 1757 2239 1839 quin,
2267 1755 2415 1837 quid
2437 1773 2654 1818 verum
2681 1756 2786 1830 sit,
2832 1757 3019 1840 dispi-

808 1857 1036 1918 ciatur.
1077 1857 1234 1916 Inde
1284 1856 1595 1916 acerrime
1632 1854 1993 1917 inimicitias
2032 1854 2333 1915 exercuit.
2368 1855 2528 1914 Nam
2577 1854 2812 1931 statim,
2870 1857 3018 1918 Tre·

808 1952 998 2014 honio
1025 1952 1305 2032 pit-uelato,
1337 1949 1572 2013 Caesari
1601 1946 1976 2024 succensuit,
2026 1950 2307 2029 quamvis
2348 1960 2495 2010 ante
2538 1947 2879 2027 legitimum
2905 1972 3018 2013 an·

811 2072 959 2114 num
988 2052 1067 2112 ad
1108 2058 1441 2131 praeturam
1488 2060 1818 2130 provectus
1833 2093 1852 2123 ,
1900 2048 2288 2131 Appiumque
2308 2047 2631 2114 Claudium
2661 2066 3014 2127 censorem,

807 2148 913 2232 qui
938 2159 1363 2210 accusatorem
1384 2146 1450 2207 in
1473 2166 1614 2208 eum
1641 2147 2110 2223 subornaverat,
2153 2148 2218 2210 in
2246 2149 2610 2227 magistratu
2647 2147 2784 2227 lege
2819 2148 3019 2213 Scan·

808 2249 965 2312 tinia
1005 2248 1114 2332 (de
1140 2249 1405 2320 incestu,
1436 2250 1645 2321 credo,
1674 2261 1745 2309 ut
1768 2254 1898 2328 'par
1933 2248 2074 2328 pari
2106 2249 2432 2332 redderet)
2468 2246 2826 2330 postulavit.
2878 2252 3017 2332 lpse

805 2345 990 2428 hujus
1008 2344 1102 2405 rei
1132 2340 1309 2404 testis
1336 2342 1404 2402 in
1435 2339 1569 2403 Cic.
1602 2344 1762 2425 Epp.
1796 2343 1875 2404 ad
1901 2343 2074 2406 divv.
2107 2344 2289 2418 VIII,
2331 2346 2431 2417 12,
2465 2346 2748 2426 quamvis
2773 2346 3019 2427 delego

809 2467 934 2510 non
970 2458 1098 2506 tam
1142 2452 1317 2506 certa
1355 2459 1457 2505 res
1490 2456 1605 2505 est.
1640 2444 1846 2505 Etiam
1876 2463 2016 2505 cum
2063 2444 2369 2509 Cicerone
2406 2458 2546 2529 post
2569 2445 2806 2511 bellum
2834 2446 3018 2511 civile

806 2547 967 2610 nihil
1009 2542 1367 2608 commercii
1411 2544 1655 2606 videtur
1697 2543 2006 2607 habuisse.
2065 2546 2404 2610 Luxurioso
2449 2548 2595 2609 vitae
2632 2565 2868 2627 genere
2893 2567 3015 2611 aere

803 2644 1008 2708 alieno
1033 2641 1321 2705 obrutum
1345 2659 1473 2702 non
1492 2640 1700 2703 minus
1739 2659 1913 2705 suam
1942 2661 2124 2724 quam
2153 2644 2505 2706 debitorum
2542 2663 2792 2708 causam
2816 2645 3017 2724 egisse

804 2743 872 2803 in
902 2752 1171 2824 praetura
1188 2782 1205 2813 ,
1239 2757 1314 2799 ex
1343 2734 1592 2811 velleii,
1623 2757 1804 2819 quem
1832 2738 2237 2816 laudavimus,
2271 2742 2409 2804 loco
2440 2740 2839 2823 perspicitur.

892 2840 995 2901 61.
1032 2839 1109 2897 ln
1130 2847 1444 2898 oratorum
1465 2852 1725 2898 numero
1751 2834 2016 2898 Coelium
2042 2837 2250 2912 fuisse,
2284 2837 2488 2900 omnis
2508 2837 2827 2900 consentit
2851 2837 3013 2901 anti·

806 2938 1033 3019 quitas,
1067 2934 1217 3016 quin
1251 2935 1441 2995 etiam
1481 2931 1892 2998 clarissimum
1918 2936 1984 2998 in
2026 2935 2104 2998 iis
2133 2955 2359 2999 nomen
2382 2938 2570 3000 fuisse
2595 2949 2861 3001 constat.
2897 2940 3015 3002 Re·

806 3055 1130 3100 censemus
1147 3037 1214 3097 in
1235 3035 1314 3096 iis
1342 3036 1723 3113 auctoribus,
1758 3039 1920 3121 apud
1946 3056 2098 3119 quos
2123 3037 2320 3100 verbo
2352 3048 2595 3100 tantum
2615 3037 2751 3122 ejus
2777 3039 3013 3104 mentio

805 3134 900 3210 ffl,
929 3135 1231 3198 Velleium
1263 3134 1353 3208 11,
1410 3130 1513 3208 68,
1544 3132 1816 3194 Plinium
1844 3136 2004 3217 Epp.
2033 3136 2090 3209 Ι,
2128 3135 2233 3196 20.
2283 3134 2669 3217 Copiosiores
2725 3149 2872 3198 sunt
2907 3134 3013 3199 Ci-

803 3251 978 3306 cero,
1020 3230 1469 3314 Quintilianus,
1517 3243 1738 3292 auctor
1769 3226 2019 3310 Dialogi
2058 3233 2137 3293 de
2189 3230 2566 3294 oratoribus.
2613 3230 3014 3295 ciceroniani

801 3335 926 3397 loci
954 3345 1098 3395 sunt
1122 3334 1304 3393 Brut.
1335 3349 1394 3390 c.
1447 3330 1555 3403 79,
1586 3328 1765 3393 Orat.
1792 3350 1851 3392 c.
1885 3331 1960 3392 16
1985 3344 2050 3392 et
2079 3334 2183 3395 50.
2211 3335 2306 3395 Ex
2334 3335 2529 3395 Bruto
2552 3335 3010 3412 cognoscimus,

798 3447 931 3496 tum
952 3430 1320 3495 elocutionis
1342 3429 1584 3491 facetiis
1608 3442 1674 3492 et
1699 3442 1947 3506 ornatu,
1974 3443 2107 3492 tum
2135 3432 2400 3495 actionis
2438 3433 2771 3496 nobilitate
2789 3446 2858 3497 et
2884 3436 3006 3499 ele-

797 3536 1015 3613 gantia
1034 3529 1414 3616 praestitisse.

884 3638 958 3695 In
980 3648 1230 3698 oratore
1252 3643 1458 3696 autem
1485 3651 1621 3712 quae
1660 3632 1738 3696 de
1764 3634 2059 3697 moestitia
2087 3633 2388 3712 oratoria,
2419 3655 2472 3698 s.
2505 3634 2673 3699 tristi
2698 3648 2762 3698 et
2785 3653 3014 3702 severo

800 3729 1049 3792 dicendi
1074 3750 1306 3810 genere
1334 3730 1396 3791 di
1404 3743 1654 3805 cuntur,
1682 3730 1962 3812 apprime
1978 3733 2056 3793 ad
2076 3730 2341 3795 Coelium
2360 3733 2738 3814 pingendum
2756 3750 3010 3796 accom-

802 3829 1075 3899 modata,
1101 3841 1165 3888 et
1186 3829 1254 3889 in
1273 3826 1482 3889 indole
1511 3845 1855 3899 causarum,
1881 3848 2031 3910 quas
2055 3829 2207 3915 egit,
2235 3830 2438 3913 posita
2457 3842 2621 3893 sunt.
2646 3831 2805 3893 Nam
2828 3852 3013 3896 accu-
3057 3813 3070 3830 ⁸

800 3926 995 3988 sande
1018 3926 1202 4004 quain
1229 3923 1611 3990 defendendo
1634 3922 1955 3985 meliorem
1974 3925 2160 3987 fuisse
2189 3938 2318 3988 tum
2344 3945 2422 3988 ex
2441 3929 2635 3990 Bruto
2660 3927 2705 3988 l.
2745 3948 2844 4005 c.,
2878 3941 3010 3991 tum

801 4045 878 4088 ex
916 4022 1238 4087 Ciceronis
1266 4021 1434 4084 dicto
1474 4023 1633 4104 apud
1661 4020 1930 4105 Quintil.
1980 4024 2088 4097 vl,
2124 4023 2188 4099 3,
2230 4024 2337 4103 69,
2382 4025 2675 4092 efficitur.
2705 4027 3010 4091 Eumdem

802 4125 1056 4188 delicias
1072 4122 1565 4206 antiquariorum
1586 4121 1958 4205 captavisse,
1984 4124 2181 4189 altero
2207 4127 2474 4191 oratoris
2498 4129 2638 4192 loco
2663 4128 3012 4211 significari

798 4220 1069 4285 videtur.
1098 4224 1177 4284 Et
1211 4220 1492 4303 profecto
1519 4221 1654 4301 ejus
1678 4221 1757 4282 ad
1784 4219 2154 4299 Ciceronem
2177 4221 2448 4306 epistolae
2471 4225 2653 4308 hujus
2686 4226 2852 4300 vitii,
2875 4237 3011 4287 tum
