3367 5417
1895 419 1984 488 66

838 565 931 628 rei
984 572 1210 625 natura
1242 560 1434 632 nisuS,
1472 578 1611 620 cum
1658 558 1939 641 exempla
1978 558 2250 641 partium
2294 559 2361 618 in
2408 555 2796 619 orationibus
2827 555 3064 622 recisa·

834 685 973 727 rum
1004 661 1201 744 ponit,
1247 678 1323 724 ex
1353 671 1654 741 tempore,
1691 655 2006 721 nonnullis
2042 656 2396 722 actionibus
2437 656 2719 738 impenso
2754 660 3056 732 ostendit,

834 786 960 828 non
1017 761 1225 826 omnia
1269 762 1507 844 scripta
1565 780 1721 824 esse.
1786 759 1973 822 Velut
2025 757 2468 822 Cornelianum
2523 755 2854 839 quatriduo
2915 778 3058 820 sese

831 864 1026 943 egisse
1056 860 1363 943 scriptum
1390 858 1617 922 Cicero
1642 857 1919 938 reliquit.
1959 861 2045 919 At
2073 855 2245 918 nulla
2267 868 2371 918 est
2402 855 2589 920 hodie
2631 852 2857 930 oratio,
2915 877 3053 936 quas

832 966 1020 1030 trium
1041 967 1342 1030 horarum
1369 974 1611 1044 tempus
1638 959 1915 1043 impleat,
1950 979 2066 1022 nec
2097 978 2281 1022 omne
2324 970 2566 1041 tempus
2617 957 2924 1037 reliquum
2965 970 3048 1020 te-

829 1066 1030 1127 stibus
1054 1060 1520 1141 interrogandis
1548 1056 1825 1142 impendi
1843 1058 2066 1141 potuit.
2098 1045 2295 1120 Recte
2319 1056 2508 1137 etiam
2533 1053 2804 1132 Plinius,
2825 1056 3048 1128 Aliud,

828 1165 938 1239 ait,
977 1163 1197 1222 bonam
1218 1179 1355 1220 esse
1385 1164 1716 1227 actionem,
1746 1157 1920 1216 aliud
1943 1156 2164 1217 bonam
2193 1157 2560 1215 orationem.

918 1262 1026 1323 51.
1070 1260 1289 1323 Genus
1320 1256 1658 1320 verborum
1690 1273 1728 1317 a
1756 1254 2063 1318 Cicerone
2086 1255 2334 1316 demum
2363 1271 2535 1313 suam
2566 1251 2809 1332 accepit
2834 1252 3042 1333 ampli-

829 1356 1132 1442 tudinem,
1177 1354 1411 1417 Graecis
1456 1354 1643 1416 etiam
1679 1350 1938 1414 auribus
1979 1351 2274 1431 dignam3
2327 1368 2528 1430 neque
2555 1360 2651 1410 est
2689 1349 2809 1409 hoc
2849 1350 2940 1410 in·
2971 1351 3044 1412 iis

830 1454 1161 1538 capitibus,
1209 1469 1347 1533 quae
1382 1451 1563 1514 hodie
1600 1463 1826 1530 egeant
1852 1444 2146 1512 uberiore
2171 1446 2609 1528 disputatione.
2641 1444 2763 1508 Sed
2790 1449 3046 1510 credere

827 1573 955 1615 non
993 1550 1306 1622 debemus,
1357 1568 1713 1630 quanquam
1755 1546 1978 1609 alienis
2014 1547 2379 1628 plerumque
2422 1539 2797 1630 testimoniis
2844 1543 3048 1608 niten-

826 1652 972 1714 dum
1012 1661 1133 1724 est,
1171 1666 1389 1710 omnes
1435 1648 1751 1709 Romanos
1781 1648 1858 1706 ad
1906 1645 2188 1708 eamdem
2215 1641 2556 1705 verborum
2604 1641 2846 1701 laudem
2882 1641 3042 1723 aspi.

822 1773 1011 1817 rasse.
1046 1752 1180 1814 Hoc
1201 1748 1334 1831 jam
1363 1770 1439 1812 ea
1462 1751 1541 1812 de
1562 1769 1751 1811 causa
1773 1746 1909 1810 fieri
1938 1764 2068 1808 non
2097 1746 2320 1828 potuit,
2353 1746 2518 1825 quod
2542 1762 2774 1823 genera
2792 1744 3042 1806 dicendi

821 1852 1008 1934 plane
1043 1848 1290 1909 diversa
1317 1847 1539 1907 eodem
1564 1857 1847 1924 tempore
1875 1841 2196 1904 celebrata
2217 1854 2383 1903 sunt.
2417 1840 2664 1904 Asianis
2692 1839 3046 1903 oratoribus
3145 1839 3158 1844 ”

823 1941 1192 2010 Hortensius
1227 1940 1469 2011 similis,
1507 1937 1690 2022 copia
1715 1951 1782 2001 et
1809 1939 2228 2002 redundantia
2264 1937 2597 2000 verborum
2641 1940 2818 1999 modo
2849 1952 3042 2002 tumo-

825 2065 984 2119 rem,
1022 2043 1203 2104 modo
1231 2040 1600 2117 exilitatem,
1626 2036 2085 2102 sententiarum
2125 2038 2358 2102 amictu
2397 2037 2573 2120 quasi
2606 2039 3039 2100 vestientibus

825 2143 1056 2206 Calvus
1087 2134 1331 2200 Atticos
1352 2148 1742 2200 consectatus
1779 2135 1938 2197 nihil
1961 2133 2084 2200 nisi
2113 2137 2345 2200 siccum
2371 2149 2438 2198 et
2470 2153 2686 2198 sanum
2726 2136 2870 2197 dum
2896 2157 3044 2219 pro·

825 2238 1044 2310 habat,
1077 2232 1359 2315 quamvis
1401 2229 1639 2315 optima
1677 2233 2000 2295 voluntate
2041 2252 2203 2316 soepe
2229 2232 2298 2295 in
2329 2231 2546 2295 infelix
2577 2229 2733 2294 illud
2768 2253 2902 2296 sese
2935 2255 3038 2296 ca-

826 2331 1179 2401 lumniandi
1207 2331 1427 2413 vitium
1466 2330 1714 2409 incidit,
1751 2353 1871 2415 quo
1901 2333 2056 2396 nihil
2078 2334 2367 2397 oratoriae
2387 2330 2722 2395 elocutioni
2748 2337 3042 2414 parandae

826 2428 1364 2512 infestiusjudicat
1392 2427 1661 2513 Quintil.
1689 2428 1771 2503 X,
1807 2429 1870 2504 3,
1901 2431 1979 2492 10
2006 2457 2024 2509 3
2050 2430 2117 2508 4,
2148 2430 2208 2507 3,
2243 2430 2419 2492 alibi.
2466 2425 2636 2513 Quin
2665 2429 2937 2508 fuerunt,
2980 2444 3041 2493 et

827 2535 897 2595 in
933 2532 1031 2593 his
1057 2531 1225 2594 idem
1265 2527 1517 2607 Calvus,
1551 2541 1636 2602 et,
1681 2532 1844 2612 quod
1872 2528 2128 2593 difficile
2159 2531 2426 2603 creditu,
2471 2532 2723 2607 Brutus,
2769 2532 2874 2612 qni
2900 2551 3039 2594 cum

824 2634 1015 2696 exiles
1043 2644 1110 2693 et
1137 2642 1355 2692 tenues
1382 2630 1771 2706 dicerentur,
1808 2629 2009 2714 ipsum
2042 2631 2412 2695 Ciceronem
2450 2632 2712 2694 otiosum
2732 2644 2800 2692 et
2825 2653 3040 2695 exsan-

825 2751 1005 2812 guem
1055 2743 1120 2791 et
1156 2728 1466 2792 elumbem
1509 2728 1861 2812 culparent.
1909 2731 2030 2792 Hic
2077 2742 2286 2791 tamen
2312 2776 2327 2804 ‚
2372 2749 2515 2791 cum
2564 2731 2748 2812 paulo
2793 2731 3036 2812 plenior

827 2829 1251 2891 Demosthene
1288 2826 1552 2892 medium
1588 2847 1783 2907 genus
1826 2825 2151 2908 eloquendi
2191 2841 2684 2903 consectaretur,
2714 2829 2779 2890 id
2807 2827 3033 2905 effecit,

826 2944 895 2991 ut
923 2949 1126 3009 neque
1147 2928 1214 2991 in
1240 2928 1577 3008 grandibus
1599 2930 1789 2998 rebus
1817 2929 2030 2992 verbis
2059 2931 2300 2991 deesset
2320 2950 2430 2992 sua
2461 2930 2575 3005 viS,
2605 2951 2806 3011 neque
2830 2951 3037 3013 parva-2

824 3023 1217 3111 proprietate
1241 3040 1553 3107 carerent.
1601 3030 1831 3091 Brutus
1866 3039 2068 3090 autem
2098 3028 2240 3090 dum
2269 3029 2619 3092 castitatem
2654 3029 3037 3110 philosopho·

821 3147 960 3188 rum
996 3145 1124 3192 non
1153 3125 1501 3188 affectatam
1540 3125 1891 3208 exprimere
1934 3123 2188 3202 studuit,
2224 3126 2303 3187 ab
2341 3126 2698 3190 oratoribus
2726 3127 3035 3210 paulisper

819 3223 1099 3288 recessit.
1128 3220 1250 3287 Sed
1268 3205 1497 3305 praeter
1519 3223 1637 3284 hoc
1666 3222 1733 3283 in
1764 3223 1953 3284 rebus
1966 3234 2031 3283 et
2057 3223 2390 3301 generibus
2412 3223 2663 3284 dicendi
2694 3221 2879 3288 situm
2913 3224 3036 3285 dis·

820 3322 1064 3386 crimen
1091 3319 1259 3381 aliud
1280 3316 1350 3379 in
1378 3316 1588 3380 verbis
1612 3316 1762 3380 solis
1801 3319 2063 3401 positum
2095 3319 2670 3388 animadvertimus.
2697 3323 2841 3383 Jam
2862 3320 3028 3388 enim

816 3422 1100 3484 homines
1147 3419 1216 3482 in
1271 3414 1536 3480 dicendo
1580 3417 1786 3481 minus
1826 3432 2101 3484 versatos
2137 3421 2259 3482 alio
2306 3439 2536 3499 genere
2589 3440 2811 3502 parum
2869 3424 3033 3486 culto

818 3542 959 3586 usos
979 3540 1115 3584 esse
1136 3536 1391 3581 necesse
1416 3530 1531 3580 est.
1579 3519 1712 3582 Hoc
1744 3520 1822 3583 de
1844 3520 2139 3603 Pompeio
2173 3531 2470 3604 arguunt,
2507 3538 2641 3600 quae
2667 3521 2734 3582 in
2769 3541 3032 3601 corpore

817 3620 1231 3702 Epistolarum
1287 3619 1615 3684 Ciceronis
1674 3619 1925 3685 insertae
1979 3623 2272 3701 leguntur
2339 3622 2417 3683 ab
2469 3618 2577 3683 illo
2634 3621 3026 3703 conscriptae.

816 3717 1062 3780 Deinde
1078 3733 1216 3784 orta
1229 3730 1326 3782 est
1343 3715 1452 3781 illo
1468 3730 1745 3801 tempore
1760 3719 1971 3803 inepta
1993 3718 2482 3801 antiquariorum
2503 3733 2782 3794 κακοζηλία,
2798 3720 2893 3784 nil
2909 3721 3027 3781 nisi

813 3814 1023 3897 prisca
1060 3815 1441 3886 mirantium,
1470 3816 1753 3878 recentia
1778 3828 1848 3878 ut
1878 3815 2124 3898 abjecta
2160 3829 2225 3877 ct
2261 3829 2487 3878 ornatu
2515 3817 2791 3880 carentia
2827 3838 3028 3900 asper·

814 3911 1126 3973 nantium.
1176 3912 1250 3971 In
1278 3913 1499 3991 quibus
1542 3925 1671 3972 tum
1700 3912 2062 3984 Sallustius,
2105 3926 2232 3973 tum
2265 3913 2499 3993 aliquot
2529 3914 2713 3979 annis
2750 3917 3028 3979 minores

811 4009 1009 4080 Pollio
1039 4005 1311 4080 Asinius,
1337 4007 1410 4070 C.
1446 4010 1771 4082 Maecena-⁷³,
1806 4012 1878 4072 L.
1915 4010 2253 4074 Arruntius
2276 4030 2512 4074 summa
2536 4034 2790 4096 quaeque
2813 4012 3024 4080 viden·

813 4120 918 4172 tur
958 4105 1259 4191 attigisse.
1308 4108 1391 4172 Et
1431 4108 1605 4172 illum
1638 4109 1885 4190 quidem
1933 4110 2258 4189 aequalium
2300 4112 2701 4192 reprehensio
2754 4110 3018 4176 notavit.
3115 4111 3122 4122 '

813 4209 1011 4273 Pollio
1038 4231 1210 4287 vero,
1246 4229 1388 4273 cum
1411 4207 1770 4276 Sallustium
1792 4223 1861 4274 ut
1887 4210 2376 4276 Catonianorum
2400 4212 2735 4280 verborum
2786 4214 3024 4297 impru-
