3367 5417
1429 490 1563 562 123

403 632 846 706 demonstrant,
880 635 960 695 M.
987 632 1284 694 Catonem
1304 631 1385 714 Q.
1410 628 1659 693 Thermi
1692 628 2004 711 triumpho
2038 651 2161 693 non
2191 630 2384 692 solum
2412 631 2587 692 vehe-

402 739 645 788 menter
670 724 983 789 obstitisse
1010 775 1031 801 ‚
1067 728 1173 789 sed
1216 729 1416 810 ipsum
1450 726 1638 790 etiam
1684 746 1861 788 reum
1901 724 2241 808 majestatis
2283 728 2358 788 ad
2394 747 2585 809 popu·

400 822 524 884 lum
554 820 787 902 egisse,
804 830 942 887 'uon
972 825 1167 887 solum
1196 836 1455 908 propter
1483 825 1668 887 falsas
1698 844 1931 906 pugnas
1966 836 2030 885 et
2056 825 2354 887 victorias
2381 825 2589 897 fictaS,

398 924 506 984 sed
548 920 843 1005 inprimis
885 926 1046 1005 quod
1087 927 1302 988 decem
1348 923 1549 999 viros,
1598 921 1881 986 homines
1922 921 2163 986 nobiles
2206 942 2281 986 ae
2323 922 2590 996 liberos,

397 1020 476 1080 ob
516 1039 736 1101 parum
776 1018 897 1082 sibi
935 1022 1098 1085 bene
1139 1034 1358 1085 curata
1399 1021 1640 1084 cibaria
1666 1017 1867 1100 virgis
1903 1040 2111 1093 coesos,
2148 1017 2386 1082 indicta
2415 1040 2601 1082 causa

397 1132 584 1202 atque
610 1119 1000 1186 indemnatos
1026 1119 1386 1187 occidisset.
1416 1125 1519 1185 Eoe
1546 1119 1861 1184 orationes
1891 1119 2085 1202 igitur
2115 1123 2193 1183 ad
2218 1140 2453 1183 annum
2474 1122 2597 1184 563

402 1217 749 1302 pertinent.

484 1318 727 1384 Gellius
748 1320 897 1384 Xlll
918 1369 936 1398 ,
990 1322 1107 1385 24:
1139 1323 1274 1386 Hoc
1298 1334 1555 1385 ornatus
1581 1342 1779 1402 genus
1809 1318 1874 1383 in
1904 1319 2169 1385 crimine
2196 1341 2321 1384 uno
2340 1318 2601 1384 vocibus

401 1421 610 1484 multis
638 1436 822 1504 atque
850 1425 1025 1486 saevis
1051 1426 1446 1497 exstruendo,
1479 1425 1587 1486 ille
1622 1423 1753 1504 jam
1773 1435 1922 1484 tuuc
1956 1426 2040 1484 M.
2067 1424 2223 1486 Cato
2251 1421 2600 1502 antiquissi-

404 1540 541 1581 mus
569 1520 636 1581 in
664 1518 1050 1583 orationibus
1078 1523 1204 1583 suis
1232 1523 1611 1595 celebravit,
1660 1521 1821 1583 sicut
1847 1522 1917 1582 in
1944 1518 2082 1595 illa,
2123 1540 2254 1603 quoe
2299 1521 2605 1603 inscripta

401 1629 497 1680 est
527 1617 631 1679 De
659 1619 876 1678 decem
905 1617 1272 1693 hominebus,
1306 1640 1444 1680 cum
1464 1621 1798 1682 Thermum
1826 1615 2166 1692 accusavit,
2199 1621 2361 1698 quod
2388 1621 2603 1683 decem

397 1715 630 1777 liberos
654 1716 939 1778 homines
964 1716 1181 1780 eodem
1213 1728 1491 1798 tempore
1519 1712 1958 1786 interfecisset,
1990 1714 2165 1776 hisce
2187 1714 2397 1775 verbis
2434 1734 2601 1791 eam-

403 1816 545 1878 dem
574 1816 860 1878 omnibus
897 1837 1029 1879 rem
1071 1814 1565 1896 significantibus
1602 1837 1749 1878 usus
1783 1829 1913 1890 est,
1945 1835 2110 1896 quse,
2144 1815 2436 1896 quoniam
2464 1827 2610 1877 sunt

407 1917 772 1996 eloquentiae
802 1917 1037 1978 Latium
1068 1929 1216 1978 tunc
1245 1915 1512 1998 primum
1530 1914 1876 1980 exorientis
1910 1917 2142 1978 lumina
2171 1918 2443 1996 quaedam
2470 1916 2611 1978 sub·

398 2012 638 2088 lustria,
662 2015 927 2077 lubitum
948 2027 1044 2077 est
1065 2035 1140 2077 ea
1170 2012 1320 2075 mihi
1352 2026 1785 2097 ἀπομνημονεύειν
1820 2015 2018 2073 Tuum
2043 2015 2618 2094 nefariumfact‘nus
2667 1996 2751 2067 21

389 2111 605 2199 pejore
614 2116 907 2194 fficinore
930 2121 1182 2193 operire
1209 2115 1482 2192 postulas
1498 2140 1523 2172 .-
1551 2110 1852 2175 .succidias
1881 2114 2180 2174 humanas
2188 2116 2395 2194 jacis,
2419 2130 2618 2175 tantas

397 2212 821 2272 tmcidaeiones
829 2212 1035 2290 fizcis,
1077 2212 1290 2270 decem
1312 2211 1551 2290 funera
1572 2211 1774 2290 facis,
1809 2211 2028 2269 decem
2059 2214 2261 2288 capita
2291 2209 2341 2268 la·
2351 2210 2500 2270 bera
2530 2216 2622 2269 in-

395 2310 643 2391 terficiS,
678 2311 895 2369 decem
920 2308 1265 2369 hominibus
1292 2313 1494 2369 vitam
1523 2313 1733 2387 eripis,
1758 2309 1989 2368 indicta
2015 2330 2226 2383 causa,
2250 2307 2622 2393 injudicau‘s,

402 2410 912 2470 incondemnatus.

473 2576 618 2621 tuum
634 2569 890 2638 ’tesan-iiam
889 2569 1130 2637 facinus]
1146 2569 1275 2620 Veri
1293 2568 1465 2621 simile
1484 2580 1585 2631 est,
1601 2567 1887 2620 Thermum
1904 2568 2119 2621 nimiam
2136 2570 2166 2620 s
2160 2570 2390 2622 rumenti
2404 2571 2607 2641 copiam

541 2659 597 2710 in
616 2657 888 2730 provincia
904 2675 999 2728 per
1014 2655 1194 2708 decem
1215 2656 1453 2709 homines
1479 2655 1782 2718 extorsisse,
1800 2674 1935 2726 quos
1952 2667 2158 2728 postea,
2180 2675 2249 2709 ne
2266 2656 2439 2729 palam
2458 2658 2609 2710 fieret

547 2739 1085 2804 crimen,occidisset.

472 2821 724 2875 succidias
765 2821 1012 2874 hmanas
1035 2819 1216 2888 sacis]
1259 2821 1297 2874 i.
1341 2841 1390 2875 e.
1436 2820 1677 2875 homines
1722 2820 1953 2885 occidis,
1997 2829 2212 2872 mactas.
2253 2821 2323 2873 V.
2365 2821 2602 2874 Gronov.

477 2903 882 3045 madaba-¹¹2⁶&-
903 2987 1073 3057 facis]
1112 2989 1310 3043 desunt
1342 2990 1400 3042 in
1432 2988 1561 3042 edit.
1591 2989 1744 3042 1493.
1778 2988 1932 3055 [cod.
1969 2989 2104 3065 Reg-
2145 2995 2342 3043 tanlam
2378 2989 2609 3043 truct'da-

551 3076 783 3142 Manena]

484 3217 733 3280 Festus:
769 3243 797 3273 ι
825 3218 1227 3278 Sacramenta
1256 3216 1489 3279 dicitur
1516 3217 1678 3297 quod
1718 3210 1917 3304 [juris
1937 3213 2193 3297 jurandi
2228 3210 2482 3303 sacrati]
2493 3232 2613 3276 one

405 3315 774 3396 interposita
825 3328 1031 3377 actum
1061 3308 1208 3401 [est.
1255 3315 1440 3376 Unde
1469 3313 1603 3394 quis
1629 3308 2052 3402 sacramento]
2087 3313 2317 3375 dicitur
2343 3312 2612 3374 interro·

401 3410 543 3487 gari
572 3410 714 3490 quia
743 3408 1201 3500 [jusjurandum
1228 3412 1677 3494 interponitur.
1705 3406 1890 3499 Cato]
1919 3411 1988 3472 in
2005 3412 2087 3495 Q.
2114 3411 2448 3475 Thermum
2470 3409 2549 3470 de
2571 3429 2614 3469 x

414 3505 799 3597 [hominibus
833 3532 849 3572 ε
911 3511 1082 3570 Tunc
1121 3532 1272 3572 vero
1314 3510 1406 3570 ibi
1445 3508 1552 3600 ad]
1562 3527 1760 3585 erant,
1793 3531 1870 3570 ne
1898 3513 2065 3571 mala
2097 3504 2414 3601 [facinora
2456 3508 2614 3569 bona

395 3609 547 3688 fide,
580 3623 684 3669 aut
711 3603 971 3693 scelera]
1007 3609 1350 3687 nefiuiafie
1359 3604 1544 3696 [rent‚
1575 3614 1680 3692 qui
1705 3610 1976 3667 dicerent
2001 3602 2311 3698 sacrame]
2320 3622 2445 3681 mo,
2487 3622 2611 3666 ινα-

407 3707 693 3766 derentur
709 3707 868 3786 Iege,
888 3699 1465 3795 oestt'[mm·entur.]»
1491 3706 1692 3784 Vulgo
1708 3705 1982 3763 aderunt.
2010 3697 2237 3792 [Uncis
2257 3692 2614 3769 inclusimus

406 3801 636 3884 ubique
660 3824 792 3885 quoe
825 3802 1021 3865 verba'
1047 3801 1115 3864 in
1146 3800 1367 3864 codice
1395 3799 1742 3884 perierant.
1775 3799 2052 3880 Scaliger
2095 3801 2407 3883 conjecit:
2438 3803 2604 3864 Ade-

406 3919 577 3978 mm,
610 3924 685 3965 ne
713 3906 880 3965 mala
897 3904 1028 3985 fide
1066 3905 1420 3964 viderentur
1456 3903 1695 3965 scelera
1736 3903 1976 3983 nefaria
1992 3902 2169 3984 βεεν-ι’,
2212 3908 2317 3990 qui
2352 3905 2617 3965 dicerene

401 4017 784 4063 sacramento
815 4028 836 4060 .·
885 4002 1262 4061 traderentur
1304 4002 1473 4084 Iege,
1526 4004 2001 4062 aesttmarentur.
2024 4034 2110 4046 -—
2149 4004 2477 4082 vulgatam
2523 4000 2616 4068 sic

402 4096 649 4181 explico
672 4121 688 4159 ε
710 4101 991 4160 Aderant
1018 4094 1323 4173 homines»,
1345 4119 1423 4160 ne
1443 4110 1657 4182 aperte
1675 4098 1773 4158 vel
1801 4096 2121 4180 propalam
2152 4099 2313 4161 mala
2334 4095 2614 4160 facinora

406 4211 512 4259 aut
530 4200 769 4261 scelera
793 4196 1029 4260 nefaria
1053 4197 1612 4271 committerentur,
1634 4197 1738 4278 qui
1758 4193 2048 4261 dicerent
2069 4196 2188 4260 fide
2206 4197 2606 4281 interposita:

411 4297 809 4363 traderentur
836 4317 914 4357 ex
943 4294 1078 4373 lege
1106 4294 1348 4358 arbitro
1377 4309 1440 4359 et
1469 4296 1948 4359 aestimarentur.
1976 4290 2221 4382 [lronia
2250 4293 2416 4359 enim
2449 4293 2625 4363 inest.

413 4394 651 4472 inillis,
681 4397 833 4459 bona
845 4390 1033 4483 fide]
