3367 5417
1878 446 1966 518 78

798 586 1039 666 magnis
1087 577 1357 665 ingeniis
1407 581 1994 671 animadvertimus)
2043 582 2149 646 illa
2197 582 2535 667 peculiaris
2568 584 2702 647 laus
2746 583 2889 660 suit,
2935 598 3015 648 ut

803 704 925 747 non
966 687 1162 748 solum
1190 705 1405 747 omnes
1443 682 1649 749 adiret
1680 685 1965 748 humanae
1998 683 2272 748 scientiae
2323 694 2536 766 partes
2563 696 2747 765 atque
2774 683 3001 759 fontes,

798 784 908 843 sed
949 780 1137 844 etiam
1187 778 1327 844 aliis
1374 780 1776 863 patefaceret,
1815 795 1882 843 et
1919 799 2133 846 omnes
2179 775 2423 859 ingenti
2471 776 2749 842 discendi
2798 780 3004 843 studio

799 881 1193 941 accenderet.
1221 882 1479 942 Factum
1513 889 1609 940 est
1629 875 1797 954 inde,
1832 890 1902 940 ut
1929 896 2058 941 non
2094 878 2291 939 solum
2317 871 2654 956 aequalibus
2673 875 3003 938 honestum

797 971 1142 1050 videretur,
1170 995 1425 1057 operam
1465 970 1668 1037 literis
1701 975 1877 1051 dare,
1924 976 2033 1037 sed
2055 985 2126 1035 ut
2152 986 2332 1035 aetate
2361 970 2647 1054 juniores
2681 970 2792 1035 vix
2812 972 3002 1035 alium

794 1085 1225 1152 sequerentur,
1282 1091 1480 1152 neque
1522 1071 1600 1132 ad
1645 1070 1832 1133 alium
1862 1090 1996 1134 sese
2037 1068 2431 1153 applicarent
2467 1069 2570 1132 vel
2604 1064 3001 1131 institutione

795 1170 1163 1248 gauderent,
1220 1180 1285 1230 et
1327 1167 1608 1230 laudibus
1653 1165 2128 1250 adquiescerent
2177 1164 2301 1228 nisi
2347 1164 2696 1242 Ciceronis,
2757 1164 3003 1230 etiamsi

796 1267 943 1349 vitae
968 1267 1253 1332 instituto
1279 1282 1345 1331 ct
1362 1290 1626 1346 morum,
1652 1284 1725 1333 ut
1751 1272 2001 1347 BrutuS,
2030 1271 2131 1332 vel
2159 1266 2300 1331 aliis
2318 1280 2531 1351 postea
2550 1268 2848 1350 exemplis
2866 1269 2999 1331 imi·

801 1369 1025 1442 tandis,
1064 1378 1135 1427 ut
1152 1365 1381 1429 Calvus
1409 1364 1581 1443 fecit,
1621 1366 1702 1428 ab
1727 1365 1863 1448 ejus
1890 1379 2026 1430 arte
2058 1377 2122 1430 et
2143 1362 2391 1428 ratione
2426 1361 2818 1427 dissiderent.
2850 1366 3001 1429 Pro·

798 1460 949 1525 ximi
989 1477 1136 1526 sunt
1174 1466 1439 1544 aequales
1466 1465 1612 1538 duo,
1643 1465 1827 1526 ambo
1860 1477 2162 1539 oratores,
2211 1464 2321 1526 sed
2366 1459 2643 1541 ingenio,
2696 1462 2997 1537 moribus,

795 1560 928 1625 vita
954 1564 1136 1644 longe
1164 1563 1418 1639 diversi,
1450 1564 1549 1624 M.
1597 1563 1825 1624 Coelius
1864 1564 2065 1642 Rufus
2091 1575 2157 1626 et
2201 1562 2280 1625 C.
2313 1564 2598 1624 Licinius
2634 1560 2873 1622 Calvus.
2909 1563 3004 1625 De

793 1656 929 1736 illo,
975 1680 1155 1741 quem
1175 1657 1454 1743 priorem
1496 1661 1917 1739 tractabimus,
1949 1673 2097 1723 ante
2123 1679 2238 1721 nos
2275 1656 2433 1720 dixit
2452 1658 2552 1723 vir
2576 1656 3006 1723 meritissimus

794 1762 868 1821 P.
917 1758 1252 1839 Manutius,
1283 1758 1573 1843 prooemii
1610 1763 1813 1826 instar
1841 1763 1979 1845 ejus
2025 1760 2223 1827 vitam
2263 1758 2727 1824 commentariis
2773 1763 2903 1824 suis
2936 1765 3001 1825 iu

793 1857 1022 1920 librum
1051 1859 1207 1923 vm
1235 1855 1656 1938 Epistularum
1678 1862 1755 1920 ad
1773 1859 2050 1922 diversos
2075 1857 2425 1944 praefigens.
2452 1856 2644 1941 Cujus
2658 1854 2786 1920 viri
2809 1856 3007 1942 copiis

792 1955 881 2020 ita
921 1971 1192 2033 utamur,
1242 1970 1334 2032 ut,
1369 1973 1669 2038 quantum
1705 1971 1909 2042 potest
1957 1957 2118 2034 fieri,
2160 1977 2295 2039 qum
2333 1955 2441 2020 ille
2481 1954 2693 2037 tetigit
2722 1957 3003 2040 pleniora

792 2059 1054 2122 reddere
1080 2059 1450 2121 studeamus.
1484 2061 1659 2125 Gens
1686 2058 1882 2122 Coelia
1903 2058 2133 2124 nobilis
2161 2081 2285 2123 nou
2309 2061 2425 2122 suit
2452 2071 2600 2121 ante
2627 2058 2700 2122 C.
2735 2057 2994 2121 Coelium

794 2155 1075 2231 caldum,
1101 2154 1246 2218 Cos.
1279 2174 1420 2216 cum
1442 2156 1560 2220 Cn.
1594 2155 1871 2234 Domitio
1899 2177 1959 2219 a.
2002 2160 2150 2223 659.
2185 2158 2366 2222 Cous.
2402 2159 2478 2220 de
2511 2157 2851 2221 Coeliorum
2878 2160 3000 2219 ori·

791 2254 1042 2335 giuibus
1075 2252 1367 2336 Pighium
1408 2259 1578 2319 Aun.
1618 2258 1739 2335 111,
1787 2279 1851 2341 p.
1901 2259 2010 2334 28,
2054 2272 2121 2324 et
2149 2259 2297 2323 201.
2342 2261 2569 2322 Noster
2613 2271 2823 2320 tamen
2862 2278 3001 2320 cum

794 2351 905 2414 ina
940 2352 1173 2414 familia
1224 2352 1380 2413 nihil
1429 2372 1753 2416 commune
1809 2355 2020 2431 habet,
2063 2375 2195 2437 quae
2238 2353 2562 2419 Ciceronis
2595 2356 2785 2418 etiam
2823 2368 3002 2419 aetate

684 2507 695 2527 ,
795 2448 1100 2525 occurrit,
1132 2450 1413 2533 quamvis
1444 2451 1783 2516 honoribus
1817 2474 1946 2517 non
1995 2451 2348 2518 nobilitata.
2392 2455 2487 2517 De
2535 2454 2803 2517 nominis
2845 2454 2997 2516 scri·

791 2560 977 2629 ptura
1005 2568 1106 2610 res
1137 2561 1231 2609 est
1257 2544 1524 2611 incerta.
1573 2550 1731 2611 Nam
1750 2561 1814 2612 et
1856 2572 1917 2610 αι
1952 2566 2018 2614 et
2060 2575 2117 2613 α.»
2162 2552 2566 2637 praeferentes
2606 2564 3005 2614 monumenta

793 2665 958 2710 aerea
987 2660 1052 2709 et
1070 2643 1336 2730 lapidea,
1391 2648 1611 2727 quibus
1640 2647 1953 2726 nitantur,
1993 2650 2248 2715 habent.
2287 2653 2364 2714 V.
2400 2653 2635 2714 Manut.
2670 2647 2740 2712 in
2779 2651 3003 2715 Ortho-

792 2743 1053 2826 graphia
1082 2762 1136 2805 s.
1167 2743 1287 2806 hoc
1328 2745 1601 2806 nomine.
1637 2747 1951 2809 Praeterea
1978 2747 2166 2810 etiam
2189 2767 2420 2812 nomen
2447 2745 2541 2811 sic
2569 2747 2883 2829 reperitur
2906 2748 3006 2810 de-

789 2854 1140 2925 pravatum,
1172 2852 1243 2900 ut
1272 2839 1564 2903 Caecilius
1583 2861 1702 2924 pro
1731 2843 1935 2918 Coelio,
1961 2856 2026 2906 et
2051 2864 2300 2906 rursum
2329 2845 2559 2906 Caelcus
2586 2862 2703 2926 pro
2739 2845 2998 2906 Caecilio

788 2940 1056 3019 legatur.
1090 2936 1250 3004 Vide
1276 2940 1527 3002 Ruhnk.
1562 2942 1642 3004 ad
1678 2942 1997 3006 Rufinian.
2028 2963 2095 3025 p.
2150 2942 2308 3022 211,
2340 2943 2754 3027 probabiliter
2799 2963 3004 3005 emen·

797 3038 1087 3112 dantem3
1122 3049 1188 3099 et
1214 3038 1494 3098 eumdem
1522 3039 1603 3100 ad
1630 3038 1850 3102 Vellei.
1890 3040 1972 3114 11,
2003 3036 2107 3114 68,
2164 3040 2270 3122 qui
2296 3039 2584 3102 conferre
2605 3039 2790 3124 jubet
2828 3039 2993 3102 Plin.

792 3140 868 3200 Η.
902 3139 980 3200 Ν.
1012 3138 1155 3212 VII,
1190 3137 1297 3213 49,
1332 3158 1451 3220 quo
1476 3151 1686 3202 tamen
1713 3141 1850 3204 loco
1882 3158 2005 3204 non
2034 3159 2246 3204 omnes
2283 3140 2531 3204 codices
2551 3162 2589 3203 a
2617 3160 2769 3205 vero
2813 3140 2992 3202 aber-

789 3250 1036 3300 rarunt.
1055 3239 1178 3302 Sed
1198 3238 1383 3312 alter,
1412 3258 1594 3318 quem
1624 3238 1834 3314 affert,
1872 3236 2063 3303 Plinii
2086 3244 2277 3319 locus,
2311 3241 2571 3317 XXVII,
2606 3242 2670 3315 2,
2704 3260 2832 3303 non
2853 3235 3006 3301 satis

789 3350 997 3400 certus
1040 3348 1175 3410 cst3
1208 3347 1271 3399 et
1303 3337 1471 3398 bunc
1518 3337 1642 3399 alia
1686 3339 2149 3420 opportunitate
2186 3339 2522 3423 separatim
2562 3336 2998 3401 tractabimus.

789 3440 1107 3522 Appiauus
1147 3449 1449 3519 praeterea
1477 3448 1542 3500 et
1577 3437 1698 3500 Dio
1723 3438 1926 3516 XLII,
1963 3440 2070 3515 22,
2106 3440 2183 3503 de
2214 3441 2415 3506 nostri
2460 3437 2643 3504 Coelii
2688 3439 3016 3502 tribunatu

787 3539 1131 3618 loquentes,
1166 3537 1456 3600 mendose
1493 3536 1809 3599 Coecilium
1836 3553 2089 3605 vocant.
2132 3539 2230 3603 Cs.
2260 3537 2571 3602 Priscian.
2616 3541 2731 3615 VI,
2780 3558 2843 3621 p.
2877 3538 3015 3599 243

791 3650 856 3699 et
872 3640 961 3700 ib.
988 3638 1197 3702 varias
1220 3634 1544 3701 lectiones.
1600 3642 1687 3703 At
1707 3661 1746 3703 a
1766 3638 1982 3706 Vossio
2001 3642 2100 3706 De
2115 3640 2261 3705 hist.
2293 3643 2434 3704 Lat.
2458 3642 2518 3716 1,
2544 3659 2610 3723 p.
2640 3639 2746 3717 34,
2766 3634 3014 3701 Coecilii·

789 3759 1014 3804 nomen
1040 3740 1272 3820 injuria
1299 3739 1616 3807 invectum
1644 3763 1891 3819 censeo,
1926 3746 2091 3827 quod
2111 3745 2259 3828 quid
2292 3744 2398 3805 hic
2424 3738 2547 3804 sibi
2570 3741 2724 3804 velit
2755 3754 2779 3804 ὁ
2833 3760 3003 3806 Καλα-

788 3853 951 3911 κταῖος
971 3850 1149 3923 ῥήτωρ,
1174 3861 1296 3903 non
1315 3862 1466 3906 sane
1480 3843 1688 3907 video.
1715 3844 1913 3908 Natus
1933 3846 2020 3907 Μ.
2046 3845 2278 3909 Coelius
2304 3843 2494 3906 Rufus
2516 3856 2696 3924 patre
2733 3842 3016 3923 equestri*

789 3940 983 4022 quiin
1014 3939 1350 4024 municipio
1378 3943 1717 4006 Puteolano
1757 3944 2210 4024 negotiaretur,
2259 3945 2476 4006 eodem
2499 3963 2618 4026 quo
2643 3941 2717 4007 C.
2747 3941 2999 4015 Calvus,

787 4060 978 4115 anno,
1007 4037 1128 4104 Cn.
1159 4039 1448 4106 Carbone
1475 4045 1597 4119 111,
1622 4043 1694 4104 C.
1717 4043 1919 4107 Mario
1946 4041 2022 4106 C.
2052 4044 2127 4105 F.
2160 4042 2332 4108 Coss.
2372 4045 2492 4107 hoc
2521 4057 2650 4120 est,
2686 4063 2745 4106 a.
2776 4045 2860 4112 U.
2887 4041 3002 4107 sn

788 4133 991 4215 (Plin.
1019 4137 1101 4198 H.
1124 4140 1197 4201 N.
1231 4139 1380 4213 vll,
1415 4138 1554 4224 49).
1576 4138 1835 4205 Artibus
1856 4161 1893 4203 a
1912 4152 2115 4224 patre,
2139 4137 2527 4205 severissimo
2552 4137 2719 4213 viro,
2761 4140 2988 4203 libera·

787 4232 950 4296 libus
974 4234 1235 4300 honeste
1266 4236 1543 4298 eruditus
1570 4250 1682 4313 est,
1718 4253 1781 4301 et
1810 4241 1886 4302 ad
1921 4237 2292 4303 Ciceronem
2339 4251 2410 4301 et
2446 4239 2528 4300 M.
2576 4236 2867 4301 Crassum
2897 4236 3008 4299 ad·-
