3367 5417
1359 468 1451 538 83

317 624 494 681 tamn
522 616 726 668 actum
752 601 955 666 fuisse.
988 603 1335 669 Dissentire
1353 620 1419 670 et
1431 625 1605 669 suam
1626 620 1859 688 ponere
1877 606 2246 668 sententiam
2266 602 2493 686 (quam-

317 706 415 767 vis
442 724 567 765 non
595 698 844 764 disertis
870 699 1098 785 verbis)
1116 702 1439 766 videbatur
1463 722 1723 783 magnus
1746 702 2149 765 Ruhnkenius
2176 703 2253 762 ad
2274 700 2496 765 Vellei.

314 802 404 872 11,
433 797 538 871 68,
570 799 647 861 de
673 794 942 861 confusis
959 798 1143 861 Coelic
1169 812 1234 883 et
1266 800 1516 862 Coecilii
1542 798 1896 867 nominibus
1922 818 2132 877 agens.
2178 796 2508 879 Componit

317 899 484 961 locos
508 895 824 984 Plinianos
849 897 929 960 Η.
962 897 1105 960 Nat.
1124 898 1272 973 Vll,
1311 896 1419 970 49,
1469 908 1547 959 et.
1571 897 1830 968 xxvn,
1869 895 1942 969 23
1987 896 2092 976 qui
2129 895 2223 956 sic
2261 893 2489 955 habet:

317 993 444 1053 Hoc
462 989 967 1077 (aconitumnfia't
992 1012 1314 1063 venenum,
1337 1015 1455 1078 quo
1481 998 1918 1072 moerempeasa
1948 990 2272 1069 Calpurnio
2293 991 2501 1048 Bestia

311 1110 540 1151 utores
585 1089 685 1148 M.
739 1089 1021 1149 Caecilius
1067 1104 1385 1151 accusator
1431 1084 1681 1170 objecit.
1742 1089 1878 1155 Non
1930 1088 2164 1150 faceret
2183 1132 2207 1161 ,
2262 1105 2373 1149 cre
2381 1086 2460 1172 do
2477 1131 2495 1160 ,

313 1188 737 1261 Ruhnkenius,
770 1188 890 1252 nisi
932 1190 1012 1251 de
1050 1201 1262 1271 nostro
1290 1189 1483 1255 Coelio
1515 1187 1843 1269 cogitaret.
1898 1189 2057 1250 Nam
2097 1183 2152 1247 si
2193 1185 2350 1248 alius
2385 1195 2500 1255 aet,

315 1286 466 1367 quid
492 1284 708 1361 refert,
746 1283 988 1349 nomini
1027 1287 1238 1367 ignoto
1266 1287 1542 1368 ignotum
1568 1284 1985 1351 substituere?
2027 1286 2341 1347 Praeterea
2367 1281 2507 1345 Cal·

317 1384 604 1465 purnium
623 1384 946 1462 quemdam
966 1384 1235 1447 Bestiam
1262 1398 1596 1469 proeturam
1621 1398 1937 1466 petentem
1964 1384 2043 1445 de
2070 1382 2304 1445 ambitu
2330 1401 2507 1443 accu-

315 1494 518 1547 satum
545 1482 771 1543 scimus
804 1480 926 1547 Cn.
963 1483 1247 1556 Lentulo,
1277 1486 1354 1546 L.
1382 1483 1665 1564 Philippo
1689 1482 1862 1545 Coss.
1900 1502 1962 1544 a.
1997 1483 2142 1543 697.
2174 1482 2332 1546 Vide
2358 1479 2493 1542 Cic.
2602 1534 2611 1541 .

317 1584 472 1665 Epp.
506 1582 585 1643 ad
606 1580 688 1663 Q.
726 1579 908 1641 fratr.
935 1582 1026 1656 11,
1067 1583 1128 1644 3.
1178 1586 1411 1647 Verum
1439 1579 1494 1642 si
1522 1601 1596 1644 ea
1616 1578 1974 1643 Ruhnkenii
1993 1599 2166 1642 mens
2186 1581 2327 1653 fuit,
2347 1579 2508 1659 quod

309 1698 431 1761 pro
460 1690 633 1741 certo
660 1695 898 1760 ponere
925 1696 1054 1741 non
1092 1678 1310 1752 ausim,
1352 1677 1553 1739 refelli
1593 1678 1728 1739 liaec
1770 1676 2122 1756 conjectura
2160 1673 2395 1758 poterit
2432 1693 2511 1735 ex

318 1777 621 1843 Oratione
650 1795 766 1858 pro
790 1774 987 1840 Coelio
1018 1794 1079 1837 c.
1105 1775 1209 1837 32.
1238 1772 1612 1860 Respublica
1638 1772 1809 1838 enim
1838 1777 1988 1837 duas
2016 1795 2055 1836 a
2082 1776 2167 1837 M.
2194 1774 2389 1837 Coelio
2417 1795 2518 1836 ac-

320 1874 663 1937 cusationes
689 1871 925 1934 habere
952 1871 1178 1934 dicitur
1204 1883 1498 1953 tanquam
1524 1869 1969 1935 benevolentiae
1984 1872 2271 1953 pignora.
2303 1871 2513 1953 Quare

321 1976 568 2036 tertiam
589 1969 770 2037 Coelii
799 1969 1253 2032 accusationem
1280 1983 1420 2053 post
1437 1991 1500 2032 a.
1528 1974 1650 2036 699
1679 1973 1904 2033 factam
1932 1991 2066 2033 esse
2092 1983 2357 2051 oportet.
2390 1973 2506 2034 Ne-

315 2094 437 2156 que
456 2075 534 2136 de
550 2076 671 2155 Ap.
694 2070 975 2146 Claudio,
1001 2072 1137 2150 lege
1159 2068 1485 2134 Scantinia
1505 2071 1836 2155 postulato,
1863 2070 2257 2149 cogitandum
2278 2091 2297 2145 ς
2329 2090 2509 2150 quam

317 2173 654 2248 actionem,
696 2166 979 2233 terrendi
1022 2168 1291 2232 hominis
1332 2189 1516 2233 causa
1555 2181 1932 2253 susceptam,
1981 2168 2215 2251 abjecit
2255 2167 2507 2245 Coelius,

318 2286 634 2355 postquam
661 2271 1043 2335 voluntatem
1080 2269 1214 2351 ejus
1240 2281 1540 2333 mutatam
1564 2271 1743 2334 vidit.
1794 2270 1945 2331 Mihi
1975 2274 2126 2332 vero
2153 2289 2509 2352 persuasum

315 2381 442 2445 est,
489 2365 824 2448 significari
862 2366 945 2449 Q.
986 2363 1345 2447 Pompeium
1383 2366 1640 2443 Rufum,
1680 2367 2004 2429 tribunum
2042 2365 2241 2453 plebis
2263 2365 2373 2427 701
2388 2413 2405 2442 ,
2441 2364 2508 2428 in

317 2483 502 2529 causa
520 2462 860 2527 Miloniana
886 2458 1430 2526 seditiosissimum.
1464 2465 1645 2525 Hunc
1673 2464 2033 2525 damnatum
2051 2473 2119 2523 et
2134 2462 2205 2523 in
2223 2462 2508 2523 exsilium

315 2563 581 2647 ejectum
601 2585 680 2626 ex
702 2561 955 2626 Asconii
974 2564 1353 2640 Argumento
1385 2560 1737 2625 Milonianae
1772 2562 2031 2634 scimus3
2054 2563 2511 2644 exsulatumque

317 2682 452 2726 esse
478 2661 683 2726 Baulis
707 2660 935 2724 Coelius
973 2658 1104 2741 ipse
1139 2657 1208 2721 in
1237 2657 1400 2743 Epp.
1433 2661 1512 2723 ad
1538 2658 1710 2724 divv.
1736 2662 1912 2734 vul,
1940 2660 2000 2737 1,
2040 2655 2296 2732 scribit,
2341 2672 2405 2721 et
2442 2661 2509 2721 in

315 2759 536 2827 ⁷ultima
562 2771 838 2838 egestate
872 2777 911 2820 a
939 2776 1071 2819 sese
1097 2756 1504 2822 sublevatum.
1553 2759 1689 2821 Hoc
1722 2758 1994 2841 explicat
2008 2753 2292 2821 Valerius
2320 2758 2511 2819 Maxi·

319 2880 457 2922 mus
473 2861 585 2934 IV,
610 2857 675 2932 2,
696 2858 756 2918 7.
789 2854 1014 2937 Coegit
1026 2860 1194 2921 enim
1212 2857 1440 2924 Coelius
1465 2871 1731 2922 matrem
1752 2857 2108 2923 Corneliam
2133 2858 2363 2940 praedia
2388 2878 2509 2920 suae

317 2959 465 3022 fidei
482 2956 803 3021 commissa
823 2955 953 3022 filio
971 2960 1252 3023 reddere.
1281 2961 1422 3043 Quo
1446 2960 1585 3023 loco
1602 2959 1889 3022 Valerius
1906 2956 2238 3042 quaestione
2262 2943 2511 3040 publica

315 3077 356 3120 a
374 3055 573 3121 Coelio
583 3068 956 3139 prostratum
977 3057 1330 3139 Pompeium
1346 3056 1584 3133 dicens,
1606 3058 1721 3130 sic,
1745 3070 1817 3119 ut
1844 3056 2126 3130 diximus,
2156 3054 2509 3135 intelligen-

316 3157 431 3217 dus
457 3165 582 3231 eet,
633 3174 750 3216 nec
790 3155 868 3215 de
904 3153 1028 3216 alio
1055 3156 1264 3219 nescio
1292 3174 1412 3238 quo
1441 3154 1636 3218 Coelio
1664 3154 2078 3235 cogitandum.
2099 3187 2182 3201 —-
2205 3154 2512 3236 Quorsum

317 3254 507 3333 igitur
528 3254 722 3317 verba
745 3254 854 3317 illa
871 3253 1054 3318 coelii
1081 3257 1160 3319 de
1178 3259 1261 3319 D.
1288 3255 1475 3317 Laelio
1493 3257 1653 3338 apud
1669 3252 2126 3340 Quintilianum
2142 3252 2467 3316 'refexenda
2482 3252 2515 3314 Ρ

319 3350 565 3421 Nescio,
594 3352 702 3413 sed
728 3351 808 3413 ad
834 3349 1174 3426 &elianam
1217 3352 1283 3415 in
1327 3354 1672 3415 accusando
1701 3350 2149 3415 vehementiam
2189 3367 2313 3413 non
2360 3370 2509 3413 sane

320 3444 636 3526 pertinere
653 3446 962 3510 videntur.
974 3493 989 3507 .
1005 3493 1018 3508 .

408 3540 513 3604 63.
561 3540 639 3602 C.
667 3541 946 3603 Licinius
977 3542 1189 3608 Calvus
1213 3556 1394 3626 patre
1421 3545 1498 3608 C.
1520 3545 1762 3609 Licinio
1803 3546 2014 3610 Macro
2052 3557 2232 3607 natus
2270 3564 2330 3605 a.
2359 3542 2506 3615 671,

320 3640 601 3723 quamvis
624 3639 817 3702 vitam
844 3641 1151 3722 disparem
1169 3643 1452 3721 gesserit,
1483 3654 1549 3706 et
1572 3655 1828 3726 propter
1855 3642 2318 3713 abstinentiam,
2341 3641 2510 3704 vitoe-

323 3755 442 3817 que
466 3734 884 3811 sanctitatem,
926 3732 1135 3799 omnia
1171 3756 1406 3800 summa
1445 3738 1716 3819 potuerit
1756 3757 2029 3822 sperare,
2061 3749 2269 3800 tamen
2296 3739 2509 3802 eodem

319 3833 533 3911 ferme,
559 3833 682 3917 quo
703 3834 958 3914 Coelius,
988 3849 1264 3918 tempore
1288 3849 1662 3919 proematura
1690 3853 1889 3902 morte
1920 3816 2212 3921 direptus
2229 3835 2500 3901 videtur.

321 3934 457 3997 Etsi
485 3953 706 3999 nomen
734 3934 1116 3998 contrarium
1144 3955 1404 4018 arguere
1436 3935 1701 4013 videtur,
1749 3957 1878 4001 non
1913 3951 2123 4000 tamen
2149 3949 2322 4001 ortus
2349 3948 2444 3998 est
2470 3944 2517 3999 ο·

320 4046 536 4097 vetere
575 4032 955 4099 liciniorum
997 4036 1330 4102 Calvorum
1368 4051 1555 4117 gente
1570 4085 1589 4114 ,
1639 4057 1773 4121 quae
1811 4036 2194 4118 plebeiarum
2238 4033 2509 4099 omnium

320 4128 694 4193 nobilissima
732 4131 851 4194 hoc
890 4131 1154 4214 primum
1184 4133 1548 4213 cognomine
1572 4151 1683 4193 usa
1711 4141 1828 4194 est.
1878 4133 2035 4194 Nam
2074 4142 2255 4213 patre
2296 4132 2510 4195 Macro

322 4241 516 4305 ortus,
533 4248 571 4307 a
589 4227 902 4293 nonnullis
917 4242 1174 4314 utroque
1189 4228 1458 4304 nomine,
1479 4241 1542 4290 et
1561 4228 1771 4289 Macer
1785 4239 1851 4289 et
1865 4225 2112 4301 Calvus,
2138 4225 2504 4309 appellatur.
