3367 5417
791 618 904 680 tim
925 632 1063 679 cum
1089 621 1395 673 auctorem
1421 605 1595 672 illum
1627 606 1698 669 in
1736 585 1916 669 annis
1942 602 2339 668 numerandis
2384 602 2587 665 minus
2607 596 2972 680 diligentem

789 718 862 779 in
888 714 1096 783 Crassi
1122 709 1397 794 exemplo
1425 708 1915 787 cognoverimus
1961 705 2071 784 Bis
2092 705 2459 787 postulatum
2485 702 2806 767 Vatinium
2833 722 2971 767 cer·

727 852 734 857 -
791 828 923 875 tum
950 823 1064 885 est,
1104 821 1170 872 at
1205 827 1409 883 nemo,
1452 807 1659 881 credo,
1714 804 1793 867 ab
1834 804 2068 866 eodem·
2092 801 2283 865 Calvo
2322 798 2690 883 posmlamm
2726 797 2969 862 retulit.

795 914 1003 975 Prima
1033 909 1197 973 actio
1230 907 1346 969 fuit.
1370 927 1432 969 a.
1465 904 1630 981 695,
1686 906 1763 966 ad
1792 915 2116 986 praetorem
2162 901 2238 965 C.
2265 896 2643 975 Memmium,
2675 900 2971 979 vigesim

789 1020 1009 1091 quarto
1035 1005 1214 1069 Calvi
1251 1022 1436 1078 anno,
1481 1000 1842 1084 majestatis,
1888 1000 2025 1080 lege
2074 995 2314 1061 Licinia
2341 992 2555 1070 sunia,
2606 1015 2788 1079 quam
2829 1015 2971 1078 pro-

792 1109 1169 1189 mulgatione
1214 1124 1328 1188 per
1368 1100 1799 1166 trinnndinum
1848 1122 1977 1165 non
2020 1100 2185 1164 facta
2218 1095 2518 1163 ’Vatinius
2582 1099 2967 1178 neglexerat.

791 1213 922 1273 Hoc
966 1207 1269 1290 judicium
1324 1206 1676 1287 tribunum„
1704 1205 1780 1267 P.
1831 1199 2111 1267 Clodium
2158 1201 2523 1284 appellando
2574 1197 2839 1280 effugit,-
2864 1195 2971 1280 qui

791 1312 1045 1375 cohorte
1077 1328 1189 1370 sua
1212 1305 1280 1368 in
1309 1306 1583 1368 tribunal
1605 1305 1875 1366 immissa
1902 1316 2233 1385 proetorem
2252 1297 2628 1377 deturbayit,
2660 1312 2973 1381 totumque

788 1407 1110 1471 consilium
1147 1406 1533 1485 inspectante
1579 1399 1807 1484 populo
1849 1402 2132 1479 Romano
2165 1395 2431 1480 disjecit.
2450 1400 2740 1461 Rursum
2770 1409 2971 1477 postu·

787 1506 948 1568 latus
974 1517 1070 1567 est
1096 1506 1173 1566 de
1200 1501 1455 1577 ambitu,
1483 1521 1626 1562 cum
1650 1499 1952 1570 Catonem
1964 1496 2035 1561 in
2052 1511 2322 1585 proetura
2333 1498 2600 1581 petenda
2618 1495 2966 1579 dejecisset,

788 1622 848 1665 a.
885 1605 1031 1675 699,
1082 1612 1147 1662 et
1172 1599 1455 1662 defensus
1484 1618 1521 1660 a
1550 1597 1875 1673 Cicerone,
1920 1606 2140 1675 rogatu
2179 1595 2484 1677 Pompeii.
2514 1595 2693 1657 Hanc
2721 1613 2968 1658 accusa·

786 1698 1020 1761 tionem
1049 1718 1087 1760 a
1114 1696 1305 1761 Calvo
1336 1695 1566 1776 factam
1592 1692 1892 1756 evincunt
1917 1693 2116 1771 fragg.
2157 1713 2237 1755 ex
2261 1692 2524 1775 Quintil.
2570 1690 2686 1766 tx,
2746 1691 2811 1767 2,
2858 1693 2963 1767 25,

787 1806 852 1856 et
880 1794 941 1870 3,
978 1797 1080 1869 56,
1099 1794 1275 1874 quod
1302 1792 1382 1854 ad
1418 1793 1583 1853 hanc
1633 1809 1880 1853 causam
1913 1788 2163 1851 videtur
2204 1788 2618 1850 referendum.
2668 1789 2727 1850 Is
2768 1802 2971 1850 autem

785 1911 987 1953 annus
1005 1889 1183 1952 Calvi
1211 1902 1463 1951 octavus
1489 1899 1554 1948 ct
1579 1882 1907 1948 vicesimus
1946 1897 2106 1960 erat,
2144 1905 2261 1948 nec
2298 1882 2354 1947 is
2378 1885 2569 1964 igitur
2598 1886 2970 1949 adeo.adole·

783 2009 987 2065 scens,
1019 2001 1089 2048 ut
1116 1990 1233 2049 hoc
1255 2004 1372 2067 pro
1400 1985 1680 2066 exemplo
1707 1998 1964 2047 maturae
1988 1980 2057 2046 in
2086 1982 2221 2048 foro
2238 1985 2500 2048 actionis
2528 1984 2618 2047 uti
2638 1986 2961 2066 possimus.

785 2081 930 2148 Haec
961 2083 1184 2147 collata
1228 2094 1527 2155 nostram,
1559 2080 1747 2142 credo
1767 2127 1785 2157 ,
1831 2079 2083 2141 firmant
2120 2078 2528 2157 sententiam,
2570 2081 2665 2142 bis
2706 2101 2744 2142 a
2770 2079 2968 2144 Calvo

781 2179 1100 2244 ¹Vatinium
1124 2191 1495 2249 accusatum,
1528 2176 1608 2236 de
1639 2173 1983 2256 majestate,
2009 2191 2072 2239 et
2088 2178 2166 2239 ‹le
2178 2174 2439 2239 ambitu.
2468 2177 2752 2242 Secunda
2779 2177 2971 2257 iginu-

784 2279 853 2338 in
880 2276 1197 2342 Vatinium
1238 2275 1461 2349 oratio,
1493 2273 1820 2356 praecipais
1856 2286 2135 2337 veterum
2162 2273 2444 2336 laudibus
2469 2273 2805 2351 celebrata,
2843 2294 2973 2338 non

783 2374 853 2437 in
873 2374 1086 2436 eodem
1111 2368 1347 2454 judicio
1380 2368 1618 2445 habita,
1655 2390 1775 2435 nec
1801 2370 2093 2453 ampliato
2121 2389 2232 2432 reo
2259 2372 2359 2435 vel
2389 2391 2573 2434 causa
2595 2389 2724 2434 uon
2757 2372 2980 2435 eodem‘

783 2470 884 2532 die
932 2481 1224 2553 perorata
1243 2513 1266 2542 ,
1302 2467 1409 2528 sed
1449 2467 1528 2528 ad
1560 2466 1820 2531 ambitus
1861 2463 2163 2550 judicium
2211 2468 2535 2549 pertinuit,
2589 2486 2731 2529 cum
2770 2468 2970 2550 prima

785 2580 943 2629 esset
989 2568 1066 2628 de
1110 2563 1450 2645 majestate.
1493 2564 1646 2626 Tum
1677 2583 1851 2640 vero,
1896 2564 2000 2645 qui
2046 2576 2184 2627 erat
2228 2564 2586 2647 reipublicae
2626 2576 2844 2638 status,
2893 2566 2969 2628 ‹le
3022 2559 3083 2660 ‘'-

778 2660 1024 2745 juribus
1044 2658 1337 2741 omnibus·
1365 2660 1739 2744 judiciorum
1766 2661 2100 2725 venalitate
2127 2660 2382 2723 sublatis
2412 2658 2712 2742 conqueri
2737 2658 2960 2743 potuit,

781 2778 853 2827 ut
885 2765 1049 2828 fecit.
1102 2766 1248 2826 Haec
1290 2777 1495 2826 autem
1538 2762 1919 2846 potissimum
1960 2762 2224 2845 probata
2269 2759 2470 2825 oratio
2504 2774 2619 2841 est,
2672 2764 2833 2844 quod
2857 2784 2968 2826 usu

784 2865 905 2927 fori
959 2878 1024 2926 et
1067 2863 1413 2946 frequentia
1456 2862 1918 2926 exercitationis
1963 2882 2136 2925 suam
2185 2864 2511 2945 quamdam
2552 2863 2969 2926 maturitatem

781 2963 1005 3043 adepta
1032 2975 1192 3023 erat.
1235 2955 1635 3047 [Consu-mari
1661 2961 1793 3023 haec
1819 2960 1982 3023 ratio
2007 2958 2257 3024 videtur
2282 2959 2362 3028 iis
2380 2977 2518 3042 quae
2545 2959 2834 3040 leguntur
2862 2982 2961 3044 ap.

778 3061 1179 3127 Scholiastam
1217 3062 1370 3125 Bob.
1398 3058 1720 3137 Ciceronis
1744 3060 1815 3123 in
1841 3064 1997 3141 Arg.
2027 3061 2205 3127 Orat.
2230 3080 2346 3144 pro
2374 3061 2575 3126 Sestio
2608 3080 2673 3144 p.
2708 3061 2834 3125 292
2860 3064 2962 3129 ed-

778 3163 978 3229 Orell.
1011 3188 1027 3225 ε
1063 3165 1134 3229 L.
1171 3161 1239 3247 (l.
1267 3164 1372 3250 C.)
1408 3162 1711 3224 Licinium
1733 3164 1994 3226 Calvum
2010 3161 2191 3226 fuisse
2211 3163 2377 3225 inter
2399 3162 2751 3226 defensores
2776 3164 2969 3228 Sestii

778 3281 942 3325 anno
986 3263 1102 3326 697
1142 3283 1160 3324 =
1202 3282 1346 3327 nam
1385 3282 1487 3343 ap.
1522 3273 1687 3323 auct.
1737 3256 1986 3340 Dialogi
2016 3260 2065 3321 l.
2116 3280 2176 3322 c.
2221 3256 2559 3327 Vatiniana
2588 3259 2763 3323 Calvi
2794 3258 2967 3343 (quae

777 3361 938 3425 foret
975 3362 1051 3424 de
1094 3359 1442 3441 majestate)
1491 3373 1803 3439 tamquam
1831 3355 2033 3440 prima
2062 3359 2338 3422 omnium
2375 3367 2771 3423 memoratur.
2816 3359 2968 3420 We·

776 3477 988 3522 ster-nt.
1027 3481 1089 3543 p.
1141 3454 1326 3549 218.]
1364 3450 1600 3522 Praeter
1636 3458 1855 3522 harum
1889 3458 2239 3521 orationum
2265 3456 2626 3526 memoriam
2656 3459 2967 3524 Charisius

777 3565 833 3633 1,
859 3584 925 3646 p.
962 3565 1065 3637 59,
1099 3557 1277 3624 Calvi
1296 3561 1383 3620 ad
1396 3565 1629 3625 amicos
1645 3581 1842 3644 pauca
1861 3559 2057 3623 verba
2081 3560 2294 3636 habet,
2320 3581 2396 3624 ex
2422 3557 2712 3643 Epistolis
2739 3563 2926 3624 credo
2942 3607 2961 3636 ,

774 3671 843 3719 ut
861 3660 942 3717 ad
966 3678 1222 3720 uxorem
1250 3657 1533 3719 Diomed.
1554 3659 1608 3736 1,
1632 3679 1699 3741 p.
1724 3658 1881 3733 3723
1913 3659 1991 3720 ad
2023 3656 2092 3717 C.
2134 3657 2447 3720 Caesarem
2470 3659 2632 3722 Mar.
2648 3651 2961 3720 Victoria.

775 3776 837 3840 p.
877 3758 1067 3832 2456,
1087 3771 1153 3821 et
1194 3756 1439 3823 incerta
1462 3761 1746 3823 Diomed.
1782 3761 1866 3822 11.
1905 3780 1969 3842 p.
1998 3758 2145 3835 466,
2181 3770 2244 3821 et
2272 3760 2431 3822 Mar.
2481 3753 2788 3824 victorin.
2820 3758 2871 3820 l.
2903 3778 2958 3821 c·

778 3854 903 3918 Sed
921 3852 1193 3916 Licinius
1219 3854 1295 3931 is,
1340 3854 1512 3938 cujus
1538 3855 1701 3917 liber
1720 3856 2023 3918 secundus
2044 3855 2178 3917 sine
2212 3855 2420 3917 addita
2446 3868 2599 3919 nota
2621 3853 2907 3916 laudatur
2925 3873 2964 3914 a

772 3951 971 4014 Prisc.
1003 3951 1110 4021 vl,
1144 3966 1210 4032 p.
1242 3951 1388 4027 694,
1418 3952 1536 4015 717
1582 3953 1681 4013 ed.
1718 3952 1998 4020 Putsch„
2034 3962 2130 4013 est
2154 3951 2363 4012 Macer
2400 3950 2707 4026 Licinius,
2757 3962 2830 4015 ut
2880 3950 2956 4022 X,

773 4072 835 4135 p.
884 4050 1006 4116 485
1029 4096 1049 4126 ,
1105 4050 1322 4112 Caettus
1360 4058 1428 4112 in
1456 4052 1519 4126 1,
1558 4053 1635 4114 de
1672 4049 1868 4115 Coelio
1896 4050 2235 4134 Antipatro
2261 4047 2691 4134 accipiendum
2719 4064 2837 4115 est.
2866 4051 2957 4113 Ex

773 4154 1150 4217 carminibus
1199 4152 1505 4238 praecipue
1535 4154 2058 4236 Epigrammatum
2103 4154 2402 4217 memoria
2442 4165 2665 4217 exstat.
2716 4152 2962 4231 Insigne

772 4265 867 4314 est
907 4272 1006 4336 ap.
1046 4254 1266 4321 Senec.
1298 4253 1593 4318 Gonu-ov.
1644 4254 1770 4329 111,
1818 4252 1922 4330 19,
1954 4253 2032 4317 ‹le
2076 4253 2391 4336 Pompeio,
2429 4255 2591 4338 quod
2615 4252 2962 4339 explicatur
