3367 5417
605 597 742 666 202

605 4238 744 4308 203

1840 470 1978 541 320

935 611 1215 681 pmcipuis
1230 622 1470 661 veterum
1490 609 1741 662 laudibus
1757 610 2095 671 celebratam,
2110 608 2175 660 ad
2194 608 2426 661 ambitus
2439 606 2704 679 judicium
2720 613 3011 682 pertinere,

940 714 1060 748 cum
1087 697 1256 767 prima
1281 695 1473 748 fuisset
1499 694 1565 748 de
1592 694 1886 766 majestate.

882 841 1120 902 Seneca
1138 839 1440 902 Controv.
1465 842 1590 916 111,
1619 843 1728 904 192
1753 841 1981 904 Calvus
2006 839 2112 922 qui
2132 838 2241 901 diu
2270 860 2412 901 cum
2432 838 2739 902 Cicerone
2764 840 3014 923 iniquis-

799 941 1018 1000 simam
1047 938 1219 999 litem
1247 939 1324 999 de
1350 938 1707 1019 principatu
1733 937 2097 1018 eloquentiae
2123 935 2368 1011 habuit,
2394 955 2587 1016 usque
2604 956 2681 998 eo
2702 933 3011 1002 violentus

800 1052 1124 1103 accusator
1150 1051 1213 1100 et
1240 1034 1592 1101 concitatus
1620 1037 1761 1112 fuit,
1808 1052 1879 1099 ut
1918 1037 1988 1099 in
2027 1038 2230 1099 media
2271 1035 2520 1098 actione
2557 1034 2695 1115 ejus
2730 1052 3009 1116 surgeret

801 1138 1087 1203 Vatinius
1128 1157 1272 1200 reus
1314 1150 1377 1198 et
1420 1139 1834 1201 exclamaret:
1872 1139 2042 1218 Rogo
2084 1158 2221 1212 vos,
2240 1135 2492 1222 judices
2504 1157 2536 1210 ;
2580 1157 2755 1209 num,
2799 1141 2860 1197 si
2898 1143 3013 1197 iste

799 1241 1059 1299 disertus
1085 1253 1201 1311 est,
1227 1239 1365 1297 ideo
1397 1258 1499 1296 me
1525 1238 1833 1304 damnat-b
1843 1252 2073 1318 oportet
2094 1235 2126 1294 Ρ

881 1336 1051 1398 Dial.
1079 1337 1156 1396 de
1188 1347 1351 1397 orat.
1391 1356 1450 1396 c.
1477 1335 1549 1396 21
1581 1357 1597 1395 ε
1635 1337 1777 1417 Ipse
1804 1331 1961 1396 mihi
1990 1333 2242 1409 CalvuS,
2276 1353 2417 1395 cum
2445 1351 2637 1393 unum
2664 1346 2729 1394 et
2755 1330 3007 1412 viginti,

800 1447 869 1495 ut
913 1445 1099 1515 puto,
1150 1429 1348 1495 libros
1391 1429 1748 1513 reliquerit,
1799 1429 1906 1494 vix
1956 1433 2027 1493 in
2080 1451 2202 1492 una
2252 1442 2317 1491 et
2370 1430 2573 1494 altera
2612 1432 3009 1494 oratiuncula

799 1532 1103 1597 satisfacit
1120 1581 1136 1607 ,
1188 1553 1303 1596 nec
1345 1534 1673 1595 dissentire
1731 1547 1969 1596 ceteros
2024 1531 2103 1594 ab
2160 1532 2279 1593 hoc
2334 1551 2469 1593 meo
2504 1528 2749 1613 judicio
2793 1533 2994 1597 video.

798 1634 1037 1716 Quotus
1076 1628 1246 1694 enim
1286 1628 1543 1713 quisque
1585 1631 1764 1694 Calvi
1806 1628 1875 1692 in
1920 1628 2189 1693 Asitium
2231 1642 2339 1692 aut
2384 1630 2450 1691 in
2490 1631 2765 1692 Drusum
2803 1633 2953 1713 legit
2975 1632 3005 1693 ⁴?

801 1740 884 1798 At
906 1735 1159 1798 hercule
1188 1735 1254 1795 in
1283 1734 1553 1796 omnium
1583 1731 1994 1797 studiosorum
2022 1732 2308 1802 manibus
2330 1744 2663 1794 versantur
2682 1740 3009 1795 accusatio·

798 1854 930 1903 neS,
961 1852 1094 1914 quae
1125 1837 1188 1890 in
1211 1831 1537 1895 Vatinium
1566 1831 2020 1906 inscribuntur,
2059 1850 2134 1892 ac
2172 1826 2484 1912 praecipue
2511 1831 2785 1892 secunda
2812 1852 2890 1894 ex
2915 1832 3008 1894 his

801 1936 1022 1997 oratio.
1057 1936 1168 1996 Est
1188 1932 1357 1994 enim
1376 1933 1588 1994 verbis
1610 1946 1833 1995 ornata
1862 1946 1926 1997 et
1952 1932 2298 2002 sententiiS,
2321 1933 2576 1996 auribus
2596 1930 2883 2013 judicum
2907 1954 3003 1996 ae·

802 2039 1218 2109 commodata,
1270 2047 1336 2094 ut
1376 2036 1535 2098 scias
1570 2035 1769 2116 ipsum
1811 2055 2051 2117 quoque
2093 2033 2354 2097 Calvum
2397 2033 2813 2109 intellexisse,
2862 2036 3003 2117 quid

801 2138 1020 2200 melius
1045 2149 1227 2212 esset,
1253 2157 1370 2197 nec
1388 2136 1774 2198 voluntatem
1796 2137 1877 2212 ei,
1903 2157 2021 2217 quo
2044 2135 2365 2197 sublimius
2394 2148 2459 2198 et
2486 2135 2714 2197 cultius
2738 2137 2998 2212 diceret,

800 2241 907 2299 sed
935 2235 1255 2316 ingenium
1282 2258 1357 2298 ac
1380 2240 1546 2298 vires
1573 2236 1857 2300 defuisse.

883 2339 1008 2398 Jul.
1033 2339 1407 2401 Severianus
1435 2359 1500 2419 p.
1526 2337 1648 2398 342
1668 2340 1770 2400 ed.
1794 2337 2099 2420 Capper.:
2144 2339 2434 2401 Livorem
2470 2338 2655 2400 simul
2690 2357 3002 2400 movemus

802 2457 940 2496 cum
969 2435 1147 2508 odio,
1185 2448 1255 2495 ut
1281 2435 1507 2499 Calvus
1535 2424 1602 2496 in
1621 2432 1977 2510 Vatinium,
2010 2456 2148 2499 cum
2178 2433 2369 2499 dicit:
2402 2437 2741 2496 Hominem
2778 2451 3001 2496 nostrae

798 2538 1057 2594 civitatis
1074 2533 1549 2594 audacissimum
1568 2534 1958 2614 defhctione,
1979 2535 2243 2607 divitem,
2270 2535 2608 2608 sordidum,
2636 2534 3000 2594 maledicum

795 2634 1120 2696 accusabo,

866 2774 1146 2838 accusabo]
1167 2771 1394 2822 correxit
1409 2771 1770 2824 Ruhnkenius
1792 2771 1857 2823 ad
1877 2770 2143 2823 Rutilium
2163 2789 2217 2842 p.
2246 2771 2338 2823 184
2365 2769 2638 2842 vulgatum
2655 2785 2915 2825 accusam-

883 2910 1106 2992 Aquila
1135 2913 1450 2974 Romanus
1479 2932 1535 2972 o.
1566 2909 1672 2985 40,
1710 2930 1771 2991 p.
1808 2909 1923 2971 183
1951 2928 1967 2968 z
2000 2910 2268 2989 Egregie
2293 2921 2393 2984 et,
2435 2922 2505 2970 ut
2540 2906 2698 2971 mihi
2726 2908 2994 2984 videtur,

795 3004 1063 3069 feliciter
1106 3009 1383 3070 Licinius
1425 3007 1654 3070 Calvus
1702 3008 1771 3068 in
1806 3002 2172 3068 Vatinium:
2212 3006 2350 3067 Non
2399 3027 2548 3086 ergo
2592 3013 2998 3084 pecuniarum

795 3110 1000 3184 magis
1043 3107 1506 3186 repetundarum
1543 3127 1731 3190 quam
1773 3100 2145 3187 majestatis,
2186 3125 2378 3189 neque
2418 3105 2760 3193 majestatis
2803 3112 3004 3186 magis

794 3226 979 3288 quam
1010 3203 1275 3263 Plautcae
1326 3204 1519 3284 legiS,
1576 3224 1768 3289 neque
1812 3203 2082 3264 Plautiae
2122 3203 2286 3282 Iegis
2322 3209 2533 3284 magis
2571 3225 2753 3289 quam
2795 3204 3001 3264 ambi·

793 3317 912 3372 tus,
955 3321 1145 3386 neque
1181 3299 1452 3361 ambitus
1490 3289 1697 3382 magis
1734 3322 1918 3385 quam
1952 3305 2231 3360 omnium
2274 3299 2482 3381 legum
2521 3304 2727 3362 omnia
2756 3296 3002 3382 judicia

792 3405 1125 3479 perierunt.

876 3499 1048 3559 Idem
1078 3496 1493 3576 fragmentum
1536 3500 1605 3558 in
1643 3492 2032 3579 Quintiliano
2063 3494 2178 3569 IX,
2227 3496 2286 3570 3,
2330 3497 2433 3569 56,
2479 3507 2543 3556 et
2583 3495 2883 3558 Diomede
2914 3496 2993 3570 11,

791 3619 853 3681 p.
869 3598 994 3661 443
1009 3596 1266 3676 legimus
1282 3620 1299 3672 3
1318 3600 1385 3661 in
1403 3599 1749 3682 posteriore
1771 3617 1850 3659 au
1858 3610 1978 3659 tem
1994 3596 2132 3659 loco
2146 3595 2371 3660 vitiose
2384 3596 2624 3666 Gallus,
2638 3613 2776 3659 non
2790 3596 2998 3659 Galws

792 3709 1176 3760 nominatur.
2109 3733 2121 3742 ·

854 3851 1193 3918 pecuniarum
1215 3852 1404 3920 magis]
1422 3850 1589 3919 mgis
1610 3866 1726 3917 pec.
1750 3844 1979 3914 Quintil.

861 3962 1058 4024 omnia]
1083 3956 1234 4010 abest
1254 3975 1287 4010 a
1309 3956 1542 4026 Quintil.

857 4077 1144 4144 pet-ierunt]
1170 4091 1267 4144 per
1282 4071 1578 4124 Vatinium.

881 4239 1146 4322 Quintil.
1174 4242 1281 4315 lx,
1309 4240 1370 4315 2,
1398 4240 1477 4302 25
1505 4260 1519 4299 ε
1547 4237 1778 4302 Calvus
1798 4237 2049 4299 Vatinio
2073 4259 2087 4296 :
2108 4233 2405 4316 Perse-ica
2410 4241 2721 4318 frontem,
2751 4251 2809 4297 et
2831 4236 3001 4298 dicte

799 4340 1161 4417 digniorem,
1189 4345 1295 4425 qui
1315 4339 1773 4418 praeeorfieres,
1794 4359 1978 4422 quam
2003 4335 2314 4398 Catonem.
