3367 5417
1867 380 2003 451 312

832 534 900 582 et
927 520 1313 582 altitudinem
1348 520 1570 580 horum
1604 528 1951 598 temporum
1975 516 2388 597 agnoscimus.
2435 515 2660 580 Sordes
2690 529 2896 579 autem
2924 517 3042 578 iuae

834 619 1167 681 verborum
1191 628 1264 677 et
1298 615 1478 677 hians
1504 613 1871 697 compositio
1898 630 1965 677 et
1991 615 2300 680 inconditi
2321 633 2536 678 sensns
2567 615 2853 678 redolent
2881 612 3041 677 anti·

832 720 1155 801 quitatem,
1188 738 1307 782 nec
1337 733 1705 799 quemquam
1734 717 1887 780 adeo
1917 714 2337 799 antiquarium
2365 728 2540 800 puto,
2574 732 2641 779 ut
2673 716 2937 781 Coelium
2964 737 3043 779 ex

832 840 906 882 ea
928 833 1106 901 parte
1132 819 1367 894 laudet,
1393 838 1513 900 qua
1535 819 1829 901 antiquus
1850 830 1970 881 est.

915 917 1187 1003 Quintil.
1214 920 1295 994 X,
1327 921 1572 990 1,115=
1607 919 1864 983 Multum
1893 920 2135 1000 ingenii
2166 917 2482 994 inCoelio,
2522 931 2591 982 et
2627 919 2938 1003 praecipue
2976 918 3045 982 in

832 1023 1181 1085 accusando
1208 1018 1403 1082 multa
1428 1016 1780 1093 urbanitas,
1806 1016 2150 1102 dignusque
2177 1020 2298 1096 vir,
2324 1020 2429 1083 cui
2449 1031 2516 1082 et
2537 1040 2718 1083 mens
2741 1019 2962 1083 melior
2980 1032 3043 1083 et

832 1121 963 1185 vita
981 1120 1228 1202 longior
1250 1116 1637 1202 contigisset.
2602 1151 2607 1158 ι

903 1280 1046 1314 mem
1068 1260 1267 1327 melior]
1287 1257 1406 1312 vide
1423 1258 1698 1311 Ciceronis
1718 1257 1871 1310 Brut.
1890 1276 1939 1309 c.
1957 1259 2045 1310 79.

920 1385 1015 1446 Id.
1046 1386 1128 1459 X,
1153 1383 1216 1460 2,
1245 1383 1364 1447 25:
1396 1379 1519 1446 Sed
1547 1402 1674 1446 non
1705 1381 1811 1463 qui
1833 1381 2099 1446 maxime
2128 1379 2486 1455 imitandus,
2514 1392 2580 1442 et
2603 1379 2768 1443 solus
2795 1375 3042 1442 imitan-

833 1483 946 1544 dus
974 1494 1089 1544 est.
1122 1480 1289 1565 Quid
1312 1498 1462 1559 ergo
1480 1477 1511 1539 't'
1541 1499 1667 1541 non
1693 1492 1789 1542 est
1806 1478 1957 1541 satis
1982 1477 2192 1541 omnia
2220 1473 2313 1540 sic
2341 1477 2578 1552 dicere,
2617 1477 2923 1559 quomodo
2954 1478 3037 1540 Μ.

833 1578 1069 1641 Tullius
1095 1575 1254 1641 dixit
1272 1575 1303 1638 Ρ
1328 1577 1481 1639 Mihi
1503 1574 1752 1658 quidem
1778 1573 1931 1639 satis
1957 1587 2147 1650 esset,
2184 1577 2238 1637 si
2267 1576 2478 1638 omnia
2506 1575 2750 1656 assequi
2776 1594 3033 1657 possem.

831 1674 1001 1758 Quid
1021 1688 1232 1737 tamen
1261 1683 1540 1747 noceret,
1556 1673 1687 1735 vim
1705 1671 2001 1745 δραι-ῖς,
2017 1672 2413 1755 asperitatem
2436 1671 2640 1751 Caelii,
2658 1670 3040 1752 diligentiam

829 1771 1163 1847 Polliom's,
1181 1769 1484 1854 judicium
1510 1769 1683 1833 Calvi
1706 1765 2070 1852 quibusdam
2092 1769 2164 1832 in
2182 1768 2337 1832 locis
2357 1789 2669 1833 assumere
2686 1767 2718 1829 Ρ

1599 1994 1819 2038 nanto
1849 1993 1964 2037 PRO
1984 1993 2052 2037 St
2080 1992 2159 2036 DE
2186 1992 2274 2035 vt.

923 2162 1169 2230 Festus.
1200 2168 1411 2240 Oreae,
1433 2165 1613 2242 freni,
1639 2168 1803 2248 quod
1830 2168 1930 2230 ori
1956 2166 2363 2231 inferuntur..
2375 2164 2773 2246 .coeltuspm
2793 2182 2863 2226 se
2878 2164 3043 2244 apud

830 2267 1157 2349 populum.-
1177 2266 1498 2351 Equusque
1515 2263 1670 2327 ηιίΙιί
1687 2267 2148 2349 subfeminibus
2166 2271 2402 2330 occisus
2418 2281 2576 2344 erat,
2600 2287 2779 2330 omas
2798 2264 3041 2328 detraho

840 2374 1213 2447 inspectante
1231 2365 1427 2427 Lucio
1444 2367 1758 2428 Stem’m‘o

571 2455 580 2462 ·
655 2475 785 2548 ¹95
915 2501 1133 2570 Coruus]
1165 2498 1404 2553 Ellendt.
1421 2500 1566 2554 nist.
1587 2497 1743 2571 Eloq.
1773 2498 1812 2551 1.
1858 2500 1952 2556 cit.
1991 2500 2239 2556 emendat
2261 2502 2418 2564 Cato,
2449 2520 2571 2555 cum
2608 2500 2752 2574 apud
2781 2499 3040 2573 populun

979 2608 1041 2642 es
1057 2600 1209 2641 oetate
1228 2605 1383 2641 nemo
1400 2586 1630 2660 amplius
1645 2607 1744 2660 pro
1762 2607 1819 2642 se
1837 2586 2054 2654 diceret,
2071 2590 2179 2643 nisi
2195 2587 2581 2663 perduellionis
2596 2608 2746 2644 reus.
2761 2591 2839 2641 Ac
2853 2585 3042 2640 melius

988 2690 1116 2726 sane
1140 2671 1408 2726 sententia
1428 2671 1570 2725 eadit
1592 2672 1650 2726 in
1663 2671 1886 2726 Catonis
1909 2673 2202 2730 orationem
2227 2673 2293 2727 de
2318 2672 2603 2728 consulatu
2630 2689 2749 2737 suo,
2774 2672 2832 2724 in
2854 2689 2961 2742 qua
2984 2688 3044 2724 eu

979 2767 1282 2823 narrantur,
1317 2777 1438 2831 quae
1459 2760 1591 2813 Cato
1623 2771 1840 2813 strenue
1874 2778 1934 2813 ac
1967 2759 2174 2816 fortiter
2207 2759 2267 2814 in
2295 2760 2457 2815 bellis
2481 2760 2726 2833 gesserit.
2766 2759 2834 2813 L.
2868 2771 3043 2813 auten

978 2844 1313 2897 Stertinius'
1298 2862 1346 2897 ιο
1370 2856 1480 2909 est,
1504 2843 1597 2916 qui
1624 2841 1891 2898 a.1J.554
1909 2844 2201 2918 proconsul
2230 2845 2543 2918 Hispaniam
2567 2844 2879 2899 ulteriorem
2902 2856 3047 2897 extre

979 2925 1218 2977 ordinem
1238 2924 1474 2978 obtinuit
1491 2939 1662 2995 usque
1680 2924 1749 2978 ad
1769 2945 1969 2979 annum
1981 2926 2105 2980 557.
2121 2926 2342 2994 [Probat
2357 2926 2815 2981 etiamWesterm.
2801 2945 2885 2998 ..p
2870 2927 3021 2979 ..209
3024 2929 3045 2992 ]

981 3043 1046 3054 —
1061 3011 1337 3085 Spalding.
1354 3031 1479 3066 vero
1497 3011 1562 3064 ad
1575 3014 1770 3084 Quint.
1788 3011 1882 3076 xl,
1908 3009 1955 3080 l,
1975 3015 2063 3079 51,
2080 3014 2337 3068 orationis
2354 3033 2471 3067 esse
2488 3026 2662 3088 putat,
2677 3031 2835 3085 quum
2848 3011 3047 3066 Coeliu·

974 3118 1074 3171 pro
1092 3118 1146 3152 se
1163 3100 1232 3152 de
1248 3103 1307 3152 νι·
1320 3098 1530 3152 habuit.

908 3214 1197 3284 equusque]
1216 3208 1458 3281 Scaliger
1473 3229 1658 3283 equus,
1675 3214 1790 3284 qui.
1816 3209 1902 3264 Ab
1920 3211 2052 3264 Ant.
2070 3212 2378 3285 Augustino
2395 3213 2702 3268 emendatur
2714 3231 2871 3286 equo,
2888 3216 3006 3285 qui.

921 3330 1179 3393 Sueton.
1206 3329 1303 3389 De
1333 3326 1489 3390 clar.
1518 3328 1712 3391 rhett.
1736 3348 1798 3391 c.
1824 3329 1903 3390 22
1935 3330 2004 3391 1..
2033 3329 2303 3393 Plotium
2328 3331 2582 3397 Gallum
2612 3333 2697 3395 u.
2716 3329 2954 3395 coelins
2976 3330 3043 3393 iu

839 3429 1146 3506 oratione,
1181 3448 1363 3512 quam
1386 3444 1507 3509 pro
1536 3448 1604 3490 se
1630 3429 1709 3489 de
1735 3433 1806 3489 vi
1828 3430 2071 3506 habuit,
2095 3428 2413 3517 significat
2437 3434 2705 3495 dictasse
2729 3433 3041 3504 Atratino,

835 3531 1186 3589 accusatori
1214 3547 1347 3600 sue,
1379 3530 1710 3599 actionem,
1740 3525 2165 3613 subtractoque
2192 3532 2444 3590 nomine
2472 3528 2864 3590 hordean‘um
2900 3549 3045 3589 eum

838 3621 1147 3683 rhetorem
1172 3621 1471 3704 appellat,
1497 3621 1786 3705 ‘deridens
1814 3637 1879 3683 ut
1903 3620 2177 3705 inflatum
2203 3646 2280 3685 ac
2306 3624 2500 3689 levem
2526 3640 2587 3686 et
2616 3626 2957 3686 sordidum.

904 3777 1005 3831 pro
1033 3775 1088 3811 se
1113 3759 1182 3810 de
1205 3762 1286 3826 π’]
1311 3775 1524 3810 causam
1547 3756 1683 3812 dixit
1707 3757 1914 3812 Goelius
1937 3777 1991 3812 ι.
2016 3761 2139 3824 699,
2173 3760 2239 3814 L.
2267 3751 2649 3826 Ahenobrbm
2688 3765 2792 3834 Ap.
2820 3759 3043 3816 Claudio

984 3842 1163 3901 Cous„
1187 3840 1329 3912 apud
1348 3853 1625 3913 praetorem
1641 3843 1746 3895 Cn.
1761 3842 2051 3895 Domitium
2064 3842 2231 3914 (conf.
2241 3843 2358 3897 Cic.
2370 3846 2508 3917 Epp.
2522 3844 2669 3914 ndQ.
2681 3845 2836 3899 fratr.
2850 3845 2921 3910 11,
2939 3843 3041 3913 13).

980 3927 1187 3979 Partem
1205 3926 1533 3981 defensionis
1548 3926 1735 3980 Cicero
1757 3940 2083 4004 susceperat,
2098 3947 2164 3981 cu
2163 3924 2259 3999 jus
2277 3930 2444 3982 oratio
2461 3948 2559 4003 pro
2572 3931 2649 3983 M.
2664 3930 2840 3985 Coelio
2856 3940 3046 3994 exstet,

984 4014 1040 4067 in
1059 4032 1268 4085 quaque
1286 4015 1446 4069 etiam
1464 4013 1530 4066 de
1542 4013 1703 4068 Coelii
1721 4014 1990 4067 amoribus
2007 4027 2064 4068 et
2079 4015 2145 4069 de
2161 4016 2353 4070 Clodia
2368 4015 2583 4071 dicitur.

913 4126 1186 4194 Atratino]
1229 4128 1449 4183 Eusebii
1483 4127 1788 4182 Chronieon
1823 4127 1889 4181 ad
1924 4126 2014 4185 Ol.
2058 4129 2540 4198 189z‘Atratt‘nus,
2579 4136 2677 4203 qui
2711 4133 3051 4205 septendecim

982 4229 1148 4264 annos
1185 4224 1342 4265 natue
1370 4212 1589 4267 Coelium
1627 4226 1992 4281 accusaverat,
2024 4216 2204 4269 clarus
2240 4219 2373 4270 inter
2406 4229 2643 4271 oratores
2679 4218 2898 4275 habetur
2916 4243 2932 4269 ι
2971 4219 3051 4268 ad
