3367 5417
623 3763 756 3843 227

1870 441 2004 515 344

834 601 968 652 tum
996 588 1065 651 in
1093 591 1386 671 ingenio:
1423 587 1710 671 corporis
1738 586 2093 668 magnitudo
2122 584 2487 668 conspicua,
2521 583 2787 646 suavitas
2818 583 3030 646 valen·

835 684 1085 749 tissimae
1112 687 1358 750 vocis...
1406 686 1649 748 Deinde
1675 685 1840 768 ipsa,
1874 699 2013 764 qum
2036 681 2319 757 dicebat,
2352 682 2613 744 meliora
2640 695 2824 742 erant
2848 699 3036 761 quam

834 808 967 869 quae
993 786 1254 851 sciebat.
1292 791 1408 853 Vir
1439 790 1606 851 enim
1634 778 1959 868 praesentis
1985 785 2180 850 animi
2214 797 2279 845 et
2304 782 2559 866 majoris
2586 779 2828 862 ingenii
2853 802 3036 863 quam
3080 787 3089 800 '

829 889 1018 950 studii
1059 889 1255 969 magis
1281 888 1570 971 placebat
1608 888 1674 949 in
1716 888 1816 949 his
1844 905 1977 968 quoe
2003 885 2392 957 inveniebat,
2436 901 2619 965 quam
2663 883 2733 943 iu
2772 881 2870 944 his
2906 900 3038 963 qua‘.

832 988 1147 1051 attulerat.
1195 990 1335 1050 Jam
1363 1008 1517 1051 vero
1555 990 1753 1050 iratus
1789 986 2167 1050 commodius
2191 983 2463 1047 dicebat.
2512 983 2659 1044 Ideo
2688 979 3032 1060 diligentis-

830 1085 985 1148 sime
1026 1088 1338 1149 cavebant
1378 1086 1681 1162 homines,
1731 1104 1809 1146 ne
1849 1081 2160 1146 dicentem
2203 1080 2700 1163 interpellarent.
2747 1082 2892 1146 Uno
2934 1077 3033 1140 die

838 1184 1044 1265 plures
1074 1185 1352 1265 privatas
1393 1182 1638 1262 agebat,
1686 1181 1995 1263 publicam
2023 1200 2174 1244 vero
2204 1197 2520 1260 uunquam
2560 1171 2828 1259 amplius
2854 1197 3034 1258 quam

834 1303 1021 1346 unam
1044 1305 1169 1347 uno
1190 1285 1317 1347 die.
1352 1286 1482 1347 Nec
1509 1296 1717 1345 tamen
1746 1285 1898 1359 scio,
1926 1304 2107 1364 quem
2135 1301 2309 1345 reum
2340 1278 2437 1344 illi
2462 1280 2796 1343 defendere
2826 1279 2948 1340 nisi
2974 1299 3037 1342 se

830 1381 1198 1459 contigerit3
1237 1382 1390 1445 adeo
1410 1401 1723 1464 nunquam
1747 1381 1935 1444 ullam
1956 1380 2283 1442 materiam
2312 1378 2561 1441 dicendi
2591 1377 2715 1440 nisi
2743 1375 3037 1460 periculis

830 1482 955 1542 suis
975 1481 1212 1542 habuit.

915 1581 1182 1664 Quintil.
1219 1583 1299 1658 X,
1342 1584 1400 1657 1,
1442 1580 1598 1643 116:
1635 1582 1850 1658 Multa,
1885 1582 1938 1643 si
1967 1601 2104 1643 cum
2126 1580 2364 1664 judicio
2389 1579 2653 1660 legatur,
2687 1579 2866 1641 dabit
2898 1577 3034 1640 imi·

830 1681 1063 1744 tatione
1088 1683 1277 1763 digna
1305 1683 1554 1747 Cassius
1581 1681 1866 1758 Severus,
1900 1682 2027 1763 qui,
2061 1682 2112 1743 si
2141 1680 2369 1745 ceteris
2392 1681 2734 1742 virtutibus
2760 1681 3034 1742 colorem

829 1793 896 1843 et
939 1782 1310 1859 gravitatem
1351 1776 1656 1844 orationis
1695 1777 2055 1863 adjecisset,
2111 1782 2431 1862 ponendus
2476 1780 2649 1842 inter
2696 1778 3037 1860 proecipuos

829 1878 1014 1942 soret.
1064 1883 1224 1944 Nam
1267 1895 1331 1945 et
1370 1881 1607 1961 ingenii
1647 1883 1985 1965 plurimum
2027 1883 2095 1944 in
2137 1902 2212 1944 eo
2253 1895 2371 1957 est,
2418 1894 2483 1945 et
2519 1879 2834 1944 acerbitas
2874 1877 3035 1941 mira

829 1995 894 2044 et
948 1982 1276 2047 urbanitas
1322 1984 1452 2067 ejus
1500 2004 1738 2047 summa
1760 2031 1778 2061 ,
1835 1985 1943 2047 sed
1999 1986 2137 2067 plus
2190 1985 2505 2046 stomacho
2555 2003 2737 2064 quam
2780 1980 3036 2045 consilio

827 2080 1015 2143 dedit.
1061 2082 1374 2147 Praeterea
1411 2096 1481 2145 ut
1520 2079 1717 2145 amari
1755 2082 1940 2155 sales,
1984 2079 2072 2144 ita
2116 2083 2475 2164 frequenter
2508 2082 2862 2144 amaritudo
2900 2080 3033 2163 ipsa

825 2178 1090 2242 ridicula
1125 2192 1241 2258 est.

911 2274 1081 2339 Dial.
1109 2279 1185 2340 de
1207 2289 1390 2338 oratt.
1422 2298 1480 2339 c.
1509 2278 1623 2339 19:
1655 2278 1979 2360 Quatenus
2009 2277 2403 2359 antiquorum
2435 2273 2851 2338 admiratores
2868 2276 3031 2341 huuc

824 2375 998 2439 velut
1035 2372 1371 2438 terminum
1407 2374 1791 2457 antiquitatis
1827 2378 2206 2441 constituere
2246 2379 2472 2450 solent,
2515 2397 2697 2458 quem
2733 2397 2927 2458 usque
2959 2378 3033 2439 ad

826 2470 1107 2535 Cassium
1141 2472 1442 2536 Severum
1482 2472 1744 2551 faciunt,
1785 2494 1967 2556 quem
2006 2476 2278 2557 primum
2317 2474 2630 2537 affirmant
2671 2471 2921 2537 flexisse
2956 2474 3034 2536 ab

825 2566 934 2631 illa
973 2584 1183 2633 vetere
1223 2583 1410 2655 atque
1447 2574 1690 2636 directa
1733 2573 1980 2636 dicendi
2018 2571 2168 2635 viat
2218 2592 2342 2636 non
2385 2571 2751 2636 infirmitate
2793 2574 3030 2653 ingenii

827 2688 945 2732 nec
965 2666 1218 2731 inscitia
1237 2665 1561 2733 literarum
1587 2671 1978 2734 transtulisse
1998 2690 2065 2732 se
2087 2673 2163 2732 ad
2188 2667 2438 2733 dicendi
2462 2689 2659 2749 genus
2686 2674 3021 2747 contendo,

826 2771 935 2832 sed
957 2766 1196 2849 judicio
1227 2784 1293 2833 et
1318 2770 1663 2836 intellectu.
1695 2770 1867 2835 Vidit
1897 2792 2194 2854 namque,
2246 2792 2382 2835 cum
2411 2772 2774 2835 conditione
2794 2786 3025 2858 tempo·

823 2890 963 2932 rum
998 2892 1074 2933 ac
1103 2869 1462 2935 diversitate
1493 2873 1732 2937 aurium
1762 2874 2020 2938 sormam
2049 2892 2285 2955 quoque
2311 2893 2387 2935 ac
2420 2874 2693 2955 speciem
2728 2873 3029 2938 orationis

822 2990 956 3035 ease
991 2974 1371 3035 mutandam.

908 3073 1072 3134 Ibid.
1103 3095 1162 3136 c.
1187 3071 1268 3136 26
1291 3096 1307 3134 ε
1334 3071 1632 3155 Equidem
1658 3094 1787 3138 non
1818 3075 2175 3154 negaverim
2196 3075 2474 3139 Cassium
2493 3075 2816 3148 Severum,
2843 3097 3027 3158 quem

820 3169 1015 3231 solum
1047 3172 1216 3251 Aper
1247 3182 1458 3232 noster
1484 3172 1814 3235 nominare
1851 3192 2037 3235 ausus
2075 3186 2200 3244 est,
2244 3171 2299 3235 si
2336 3171 2416 3235 iis
2456 3184 2871 3257 comparetur,
2916 3174 3024 3254 qui

821 3281 1032 3348 postea
1072 3266 1325 3329 suerunt
1339 3310 1358 3339 ,
1406 3288 1589 3349 posse
1628 3283 1941 3332 oratorem
1982 3270 2229 3341 vocari,
2277 3271 2646 3352 quamquam
2685 3270 2751 3332 in
2792 3289 3023 3350 magna

820 3377 1001 3446 parte
1029 3363 1335 3425 librorum
1373 3385 1621 3430 starum
1650 3367 1790 3450 plus
1816 3367 1909 3429 vis
1936 3367 2165 3430 habeat
2191 3389 2376 3449 quam
2402 3369 2743 3449 sanguinis.
2776 3368 3024 3432 Primus

821 3461 990 3528 euim
1020 3475 1374 3547 contempto
1399 3462 1620 3529 ordine
1646 3487 1885 3542 rerum,
1916 3466 2141 3530 omissa
2171 3467 2471 3532 modestia
2509 3489 2585 3532 ac
2620 3471 2858 3554 pudore
2880 3491 3022 3534 ver—

819 3560 1067 3636 borum,
1112 3557 1261 3643 ipsis
1302 3561 1490 3623 etiam
1520 3563 1741 3645 quibus
1777 3566 1974 3627 utitur
2006 3565 2198 3628 armis
2236 3564 2681 3649 incompositus
2716 3581 2783 3631 et
2816 3566 3022 3631 studio

821 3656 1082 3721 feriendi
1111 3658 1475 3739 plerumque
1501 3660 1781 3742 dejectus
1809 3681 1937 3724 non
1967 3676 2232 3744 pugnat,
2260 3665 2373 3726 sed
2399 3665 2669 3727 rixatur.
2700 3664 3019 3743 Ceterum,

823 3770 892 3819 ut
911 3756 1061 3828 dixi,
1083 3756 1479 3838 sequentibus
1499 3773 1892 3840 comparatus
1914 3773 1979 3822 et
2000 3761 2306 3824 varietate
2330 3763 2697 3826 eruditionis
2722 3778 2789 3827 et
2808 3764 3021 3848 lepore

815 3855 1192 3921 urbanitatis
1228 3873 1293 3921 et
1328 3860 1600 3941 ipsarum
1635 3858 1863 3924 virium
1904 3862 2133 3924 robore
2164 3863 2424 3925 multum
2458 3877 2699 3928 ceteros
2742 3880 3015 3950 superat,

815 3977 1079 4038 quorum
1121 3956 1434 4020 neminem
1480 3962 1650 4042 Aper
1702 3960 2025 4022 nominare
2072 3974 2137 4022 et
2180 3963 2349 4024 velut
2390 3960 2459 4024 in
2508 3964 2711 4026 aciem
2752 3967 3019 4029 educere

816 4057 1125 4121 sustinuit.
1255 4099 1260 4106 -

900 4154 1101 4220 Tacit.
1131 4160 1359 4221 Annal.
1385 4161 1500 4236 IV,
1529 4159 1602 4222 21
1630 4182 1646 4223 2
1679 4161 1967 4225 Relatum
1991 4175 2057 4224 et
2080 4162 2158 4225 de
2182 4161 2395 4225 Cassio
2419 4162 2656 4227 Severo
2681 4166 2885 4242 exule,
2911 4164 3012 4248 qui

816 4254 1078 4318 sordida?
1102 4258 1388 4336 originis,
1421 4258 1714 4323 maleficae
1741 4262 1910 4336 vitoe,
1953 4263 2062 4324 sed
2108 4262 2329 4324 orandi
2370 4266 2608 4330 validus
2644 4288 2760 4351 per
2799 4268 3011 4332 immo-
