3367 5417
1831 455 1967 529 316

877 591 1104 658 Coele'us]
1144 588 1475 661 antiquitatis
1500 601 1558 641 et
1588 590 1948 642 obsoletorum
1973 590 2352 643 vocabulorum
2378 593 2639 644 maximus
2668 593 2772 645 suit
2793 608 3012 655 amator,

942 686 1005 726 ut
1029 692 1093 726 ex
1119 670 1236 744 ejus
1262 672 1515 745 Epistolis
1541 691 1753 743 quoque
1787 673 1851 724 ad
1884 673 2191 725 Ciceronem
2219 673 2560 746 intelligitur.

884 798 1196 862 Priscian.
1237 801 1412 870 vlu,
1462 798 1526 874 4,
1574 819 1637 882 p.
1693 799 1814 861 370
1843 820 1859 858 τ
1893 797 2122 861 Coelius
2157 820 2173 858 ε
2210 799 2323 860 Ex
2354 804 2597 878 scriptis
2625 822 2863 876 eorum,
2907 809 3016 888 que·

800 903 940 958 veri
953 897 1354 971 arbitrantur,
1383 900 1627 982 passive
1654 910 2094 980 ὑπολαμβάνονται.

871 1034 1099 1102 Coelius]
1135 1034 1225 1087 hic
1250 1034 1456 1099 dubito,
1487 1036 1575 1087 cui
1596 1034 1798 1108 potius,
1831 1035 2027 1088 oratori
2053 1053 2120 1086 an
2141 1033 2414 1097 historico,
2441 1033 2496 1086 id
2520 1035 2591 1088 sit
2608 1033 3004 1088 vindicandum.

940 1117 1186 1170 Editores
1215 1117 1422 1189 Fragm.
1449 1117 1827 1170 historicorum
1857 1118 2139 1189 Antipatro
2174 1116 2227 1177 id
2257 1116 2520 1169 tribuunt.

886 1238 1193 1300 Priscian.
1229 1240 1415 1311 XIII,
1455 1239 1514 1314 3,
1571 1261 1636 1321 p.
1684 1239 1804 1303 566
1856 1241 1955 1302 ed.
2007 1239 2259 1313 Krehl.,
2309 1260 2376 1322 p.
2417 1243 2540 1305 960
2569 1242 2669 1306 etl.
2702 1244 2957 1305 Putsclt.
2992 1267 3010 1304 t

796 1338 899 1399 M.
935 1338 1155 1398 Caelius
1184 1341 1261 1401 de
1286 1342 1515 1403 vestitu
1542 1353 1606 1403 et
1648 1339 1946 1402 vehiculis
1973 1362 1990 1400 ε
2037 1341 2209 1400 Nam
2246 1336 2659 1423 perinjurium
2690 1348 2829 1417 siet,
2874 1365 3009 1402 cum

797 1437 950 1498 mihi
976 1440 1055 1501 ob
1083 1461 1188 1501 eos
1212 1464 1441 1515 mor-35,
1473 1465 1628 1529 quos
1641 1448 1822 1522 prius
1844 1442 2055 1516 habui,
2081 1441 2269 1503 honos
2298 1443 2473 1501 detur
2486 1466 2516 1516 ,·
2544 1441 2649 1502 ubi
2673 1445 2848 1504 dacus
2872 1451 3005 1518 siet,

795 1554 923 1598 tum
964 1545 1053 1601 uti
1078 1562 1190 1604 eos
1212 1560 1447 1604 mutem
1475 1544 1790 1629 atquealc'i
1820 1544 1990 1604 modi
2025 1548 2205 1604 siem.

870 1679 956 1731 M.
989 1680 1454 1768 CoeliusLtemere
1482 1683 1569 1735 bic
1596 1681 1748 1734 locus
1778 1683 1852 1732 M.
1882 1678 2055 1733 Coelio
2085 1678 2347 1731 tribuitur
2376 1690 2487 1731 tum
2520 1698 2549 1730 a
2586 1680 2909 1734 Ruhnkenio
2944 1684 3009 1734 ad

940 1766 1213 1820 Velleium
1258 1768 1328 1832 11,
1378 1771 1468 1831 68,
1500 1779 1613 1821 tum
1641 1786 1670 1820 a
1697 1764 1918 1818 Krehlio
1945 1787 1958 1816 :
2009 1765 2228 1817 Catonis
2265 1765 2409 1817 enim
2455 1777 2540 1818 est
2565 1770 2669 1835 (ut
2708 1766 3012 1821 Ellendtius

934 1863 1075 1904 recte
1099 1852 1254 1920 vidit)
1292 1864 1349 1905 et
1375 1870 1441 1904 ex
1474 1851 1716 1905 censoria
1740 1850 1978 1903 oratione
2005 1848 2336 1920 desumptus,
2363 1849 2506 1918 quod
2532 1868 2597 1902 ex
2616 1849 2738 1902 aliis
2758 1852 3008 1904 Prisciani

936 1939 1068 1992 locis
1091 1951 1144 1992 et
1169 1959 1235 1992 ex
1269 1940 1388 2011 ipso
1409 1938 1664 1992 orationis
1689 1937 1866 1991 colore
1888 1948 1944 1989 et
1983 1947 2293 2008 argumento
2329 1935 2563 2008 perspici
2606 1949 2803 2008 potest.
2834 1941 3005 2007 Quare

935 2021 1076 2074 inter
1101 2022 1320 2075 Catonis
1338 2022 1606 2075 orationes
1624 2040 1783 2092 supra
1810 2019 2091 2072 retulimus
2116 2040 2170 2092 p.
2206 2021 2291 2072 38.

877 2148 1092 2209 Barth.
1133 2146 1508 2209 Adversaria
1535 2145 1891 2215 xxxvul,
1930 2144 2035 2215 14,
2074 2164 2138 2225 p.
2173 2144 2360 2208 1748:
2391 2145 2483 2205 Ex
2514 2143 2755 2206 Lexico
2804 2159 3008 2208 vetere

794 2242 1216 2307 Terentiano:
1251 2268 1281 2299 α
1316 2244 1632 2321 Adjuvant
1665 2263 2014 2306 sermonem
2061 2264 2139 2305 ex
2190 2244 2534 2306 abundanti
2585 2245 2820 2305 addita.
2875 2245 3004 2308 Coe·

792 2343 951 2402 lius:
990 2339 1148 2400 Hoec
1183 2354 1425 2400 caterva
1461 2341 1648 2417 plena
1676 2341 2090 2420 gladiatorum
2124 2362 2265 2401 cum
2307 2361 2485 2400 suum
2519 2341 2643 2401 sibi
2690 2343 2889 2402 alium
2917 2365 3004 2403 so-

794 2440 954 2496 cium
983 2441 1211 2497 sociuS.

870 2574 1063 2629 Coele'us
1087 2582 1106 2643 ]
1146 2575 1324 2628 Barth.
1357 2575 1396 2627 l.
1439 2575 1478 2627 l.
1499 2594 1557 2647 p.
1585 2578 1757 2629 1750:
1793 2574 1963 2636 Coelie',
1982 2577 2180 2647 inquit,
2210 2580 2359 2629 verba
2379 2576 2458 2629 ιἸα
2486 2578 2705 2651 legenda
2730 2580 2964 2631 videntur
2992 2603 3007 2630 .-

940 2690 957 2711 ι
992 2667 1124 2717 Haec
1155 2670 1386 2735 patema
1414 2682 1574 2736 poena
1611 2665 1990 2737 gladiator-unz,
2026 2663 2277 2718 consumit
2318 2684 2473 2717 snum
2501 2664 2603 2719 uzi
2633 2664 2797 2718 aliurn
2828 2664 3010 2718 socium

932 2749 1120 2800 soccia.
1154 2770 1180 2796 ιο
1229 2750 1296 2798 In
1336 2747 1633 2801 membranis
1673 2747 1925 2818 scr-&mam
1943 2748 2067 2817 ficit
2081 2750 2254 2819 primo
2274 2749 2545 2813 Caecilius,
2597 2749 2694 2801 ced
2709 2750 2825 2803 ἅμα
2851 2749 3011 2802 litem

932 2851 1095 2884 crasoe
1122 2839 1285 2902 atque
1319 2839 1594 2903 expunctus
1632 2837 1775 2884 sunt.
1810 2831 2276 2905 Egossnihe‘oelouinus
2303 2832 2523 2886 Caecilio
2550 2834 2721 2905 mageis·
2748 2833 3006 2886 marcuit-c

932 2937 1090 2988 quam
1119 2919 1279 2972 Coelio
1297 2917 1538 2972 arbitror.

873 3055 1140 3140 Quintil.
1195 3058 1252 3128 Ι,
1288 3057 1348 3128 5,
1379 3055 1454 3116 61
1496 3077 1514 3115 =
1542 3057 1636 3118 Ne
1658 3057 1724 3118 in
1747 3080 1784 3115 a
1808 3057 2053 3138 quidem
2071 3069 2255 3139 atque
2280 3079 2313 3117 s
2341 3058 2560 3120 literas
2579 3056 2752 3120 exire
2774 3072 3005 3121 temere

788 3152 1131 3216 masculina
1157 3153 1384 3218 Graeca
1420 3155 1673 3216 nomina
1722 3168 1898 3218 recto
1948 3175 2095 3217 casu
2141 3156 2569 3238 patiebantur,
2630 3153 2884 3237 ideoque
2935 3171 2999 3217 et

798 3254 958 3335 apud
993 3252 1254 3312 Ccelium
1279 3251 1536 3330 legimus
1558 3251 1744 3312 Pelia
1760 3258 2137 3316 cincimaaeus
2162 3268 2229 3316 et
2256 3256 2413 3335 apud
2448 3254 2808 3322 Messalam,
2832 3255 3004 3313 Bene

771 3355 942 3430 fecit
967 3352 1198 3416 Euthia
1222 3366 1286 3414 et
1311 3353 1474 3434 apud
1509 3352 1897 3428 Ciceronem,
1928 3355 2335 3435 Hermagora,
2370 3375 2450 3417 ne
2494 3355 2814 3428 miremur,
2842 3356 3002 3436 quod

793 3455 872 3522 ab
902 3452 1302 3535 antiquorum
1331 3452 1641 3540 plerisque
1670 3459 1887 3517 Aenea
1909 3470 1971 3514 et
1990 3454 2272 3516 Anchisa
2294 3459 2377 3519 sit
2406 3454 2632 3519 dictus,

607 3567 738 3642 196
867 3594 1116 3663 Coelium]
1154 3594 1378 3658 Coelius,
1411 3593 1657 3657 Messala,
1711 3595 1896 3648 Cicero
1953 3598 2005 3649 in
2051 3599 2151 3651 hoc
2202 3599 2325 3652 loco
2367 3599 2603 3668 antiquis
2648 3598 3005 3649 Romonorun

940 3682 1291 3753 scriptoribus
1328 3693 1709 3753 opponuntur,
1757 3681 1835 3734 ita
1867 3695 1929 3735 ut
1978 3696 2177 3755 pateat,
2226 3705 2331 3738 non
2378 3682 2595 3739 Gadium
2650 3681 2793 3736 Ante·
2946 3701 3007 3740 m,

940 3764 1274 3830 historicum,
1306 3765 1399 3835 qui
1432 3764 1548 3836 ipse
1569 3782 1636 3817 ex
1673 3784 1898 3818 numero
1928 3769 2266 3839 antiquorum
2295 3781 2397 3829 est,
2428 3767 2661 3838 intelligi
2688 3785 2867 3838 posse,
2913 3767 2997 3818 sed

940 3849 1114 3902 multo
1138 3849 1483 3904 recentiorem
1512 3845 1668 3899 illum
1696 3850 1779 3901 M.
1821 3850 2037 3903 Ccclt‘um
2064 3852 2287 3920 Rufum,
2330 3850 2586 3923 aequalem
2610 3849 2886 3903 Ciceronis
2927 3863 3002 3901 at·

943 3951 1048 4002 que
1066 3931 1328 3985 Messaloe.
1350 3962 1415 3972 —
1437 3930 1493 3983 Is
1518 3929 1575 3982 in
1597 3931 1836 3983 oratione
1861 3933 2085 4000 quadam
2114 3936 2473 3988 Romanorum
2504 3932 2807 4005 principum
2833 3933 3005 3984 nescio

938 4035 1097 4087 quem
1121 4016 1326 4070 Peliam
1347 4013 1691 4068 cincinnatum
1719 4014 1859 4067 salse
1884 4018 2107 4080 vocavit,
2138 4033 2200 4071 ut
2226 4021 2412 4074 Cicero
2432 4020 2598 4071 facete
2616 4018 2875 4068 Romulus
2903 4017 3005 4070 Ar-

931 4102 1088 4172 pinas
1113 4102 1404 4162 dicebatur,
1450 4103 1575 4172 quia
1599 4113 1722 4173 post
1746 4100 2165 4174 conjurationem
2200 4105 2445 4158 Catilina:
2473 4104 2729 4157 detectam
2770 4121 2911 4171 aeque
2942 4100 3003 4150 de

943 4186 1108 4237 Roma
1135 4205 1191 4238 se
1217 4186 1462 4239 meritum
1497 4203 1614 4237 esse
1654 4198 1811 4255 atque
1850 4186 2160 4253 Romulum,
2208 4189 2438 4259 primum
2485 4188 2634 4241 urbis
2660 4186 3005 4242 fundatorem,

941 4271 1197 4340 gloriatus
1224 4287 1324 4325 est.
