3367 5417
1433 440 1558 509 117

408 578 763 641 ficiscuntur
790 600 805 638 ε
847 574 1053 640 diflert
1082 576 1251 640 enim
1288 596 1539 661 prorsus
1575 595 1770 656 genus
1797 574 1924 638 stili
1951 587 2016 638 et
2043 574 2335 637 tractatio
2355 593 2591 636 rerum.

405 674 721 740 Inferioris
750 679 938 740 etiam
963 678 1159 740 aetatis
1174 691 1268 741 oet
1293 678 1590 739 Messalae
1626 678 1879 738 Corvini
1899 677 2002 739 De
2016 680 2316 757 progenie
2335 676 2601 753 Augusti

405 790 467 839 et
487 777 733 837 Aurelii
751 778 820 841 V
816 783 1018 839 iccoris
1040 781 1138 839 De
1178 783 1424 859 origiue
1450 783 1649 859 gentis
1672 779 1997 838 Romanoe.
2040 777 2122 838 Hi
2159 775 2600 857 quinquelibri

401 875 470 935 in
510 874 794 952 exiguum
849 895 1071 958 gyrum
1116 876 1340 938 scholae
1384 875 1813 958 compellendi,
1873 885 1937 934 et
1981 873 2302 935 elementis
2357 885 2600 934 tantum

402 969 636 1036 Latinae
661 974 884 1053 linguoe
898 975 1205 1037 discendis
1221 972 1555 1049 sufficiant,
1597 995 1738 1037 cum
1767 973 1903 1035 veri
1938 971 2141 1035 simile
2167 971 2250 1035 sit
2268 1019 2285 1049 ,
2315 984 2604 1036 auctores

402 1090 616 1134 eorum
649 1069 806 1133 nihil
827 1073 990 1134 aliud
1022 1073 1138 1135 nisi
1161 1074 1423 1156 primam
1452 1072 1899 1133 institutionem
1924 1070 2227 1152 puerilem
2263 1082 2596 1151 spectasse.

402 1170 498 1229 Ac
523 1166 718 1228 miror
744 1188 915 1244 saue,
947 1189 1313 1251 quemquam
1334 1170 1439 1251 qui
1466 1164 1789 1231 Plutarchi
1820 1165 1997 1230 Vitas
2024 1181 2090 1230 et
2116 1164 2319 1230 Taciti
2345 1167 2600 1246 Agrico-

401 1268 528 1327 lam
569 1267 811 1345 legerit,
855 1269 1002 1330 istas
1049 1266 1263 1347 Vitas,
1311 1270 1563 1332 umbras
1594 1268 1816 1329 inanes
1843 1269 1979 1329 sine
2008 1280 2216 1331 mente
2249 1279 2315 1328 et
2363 1267 2593 1340 nervis,

401 1361 699 1427 Cornelio
727 1366 955 1445 Nepoti
975 1366 1272 1430 historico
1291 1365 1701 1430 celeberrimo
1723 1364 2002 1428 tribuere
2029 1361 2324 1447 potuisse.

1196 1694 1812 1769 TESTIMONIA.

487 1872 620 1936 Cic.
655 1876 829 1936 Brut.
858 1892 916 1935 c.
947 1876 1022 1935 17
1051 1893 1070 1934 =
1102 1874 1230 1937 Cur
1258 1874 1448 1952 igitur
1465 1872 1676 1953 Lysias
1699 1880 1764 1930 et
1791 1868 2142 1953 Hyperides
2159 1880 2429 1944 amatur,
2465 1886 2603 1933 cum

399 1975 644 2055 penitus
673 1975 997 2053 ignoretur
1038 1974 1186 2034 Cato
1208 1972 1242 2031 ?
1271 1970 1606 2054 Antiquior
1651 1982 1747 2032 est
1774 1970 1954 2053 hujus
1981 1989 2187 2033 sermo
2215 1982 2282 2032 et
2322 1970 2600 2052 qnaedam

399 2074 752 2136 horridiora
773 2075 988 2136 verba.
1019 2076 1113 2136 lta
1141 2075 1307 2135 enim
1333 2088 1462 2135 tum
1491 2071 1926 2154 loquebantur.
1960 2073 2034 2133 Id
2055 2084 2247 2148 muta,
2277 2073 2436 2152 quod
2463 2085 2594 2133 tum

400 2173 507 2234 ille
535 2193 659 2235 non
686 2172 904 2255 potnit,
938 2184 1002 2235 et
1026 2174 1180 2235 adde
1212 2189 1521 2244 numeros,
1556 2183 1623 2231 ut
1651 2172 1855 2255 aptior
1872 2172 1956 2234 sit
1981 2169 2215 2247 orati03
2250 2169 2382 2251 ipsa
2409 2169 2607 2233 verbu

402 2288 701 2351 compone
744 2282 807 2331 et
836 2271 1011 2350 quasi
1041 2280 1448 2349 coagmenta,
1499 2270 1660 2349 quod
1698 2291 1779 2332 ne
1820 2269 2032 2335 Graeci
2077 2268 2321 2348 quidem
2357 2279 2607 2329 veteres

399 2367 840 2429 factitaverunt
860 2389 881 2431 a
906 2367 1041 2447 jam
1071 2367 1381 2429 neminem
1414 2380 1755 2448 antepones
1775 2368 2024 2430 Catoni.

486 2451 654 2511 Dial.
694 2453 773 2513 de
809 2463 1000 2513 oratt.
1046 2472 1103 2513 c.
1147 2450 1262 2512 182
1296 2452 1514 2510 Catoni
1549 2450 1687 2513 seni
1729 2463 2124 2535 comparatus
2160 2449 2234 2512 C.
2275 2451 2604 2515 Gracchus

401 2547 645 2629 plenior
672 2560 738 2611 et
764 2547 1042 2618 uberior,
1075 2545 1168 2610 sic
1196 2546 1473 2610 Graccho
1501 2550 1755 2629 politior
1782 2561 1848 2611 et
1873 2544 2159 2611 ornatior
2186 2547 2469 2627 Crassus,
2508 2551 2601 2611 sie

2661 2441 2749 2511 15

401 2658 662 2727 utroque
684 2643 1045 2707 distinctior
1069 2658 1133 2707 et
1161 2641 1463 2707 urbanior
1489 2658 1556 2707 et
1581 2644 1771 2707 altior
1796 2644 2040 2719 Cicer-0,
2061 2641 2368 2707 Cicerone
2386 2646 2603 2710 mitior
2694 2720 2705 2733 .

407 2745 696 2804 Corvinus
713 2757 781 2806 et
801 2742 1044 2806 dulcior
1067 2757 1131 2807 et
1155 2745 1222 2806 in
1246 2743 1456 2806 verbis
1477 2747 1675 2824 magis
1697 2746 2075 2808 elaboratnS.

490 2841 827 2923 Appuleius
855 2843 1115 2923 Apolog.
1136 2862 1200 2924 p.
1243 2843 1364 2906 589
1386 2868 1403 2902 ε
1451 2844 1917 2925 Quamcumque
1935 2842 2279 2907 orationem
2299 2841 2604 2907 struxerit

406 2939 660 3017 Avitus,
707 2943 798 3004 ita
840 2940 948 3004 illa
988 2941 1114 3005 erit
1155 2944 1427 3024 undique
1469 2941 1566 3006 sui
1608 2943 1883 3025 perfecte
1920 2941 2231 3017 absoluta,
2276 2957 2347 3005 ut
2385 2941 2605 3007 fan-illa

405 3062 600 3125 neque
635 3043 784 3104 Cato
809 3044 1181 3123 gravitatem
1211 3045 1513 3124 requirat,
1547 3062 1748 3125 neque
1773 3043 2011 3106 Lcelius
2035 3043 2377 3115 lenitatem,
2407 3064 2605 3125 neque

405 3139 719 3201 Gracchus
743 3140 1060 3224 impetum,
1090 3161 1208 3204 nec
1233 3141 1450 3202 Caesar
1472 3141 1751 3205 dolorem
1778 3136 2179 3227 (coloremi'),
2213 3160 2332 3203 nec
2357 3141 2606 3199 Hor-ten-

403 3244 526 3300 sius
553 3241 1076 3320 distributionem,
1118 3264 1236 3306 nec
1260 3243 1476 3305 Calvus
1513 3240 1812 3323 argutias,
1848 3263 1967 3305 nec
1998 3238 2441 3325 parsimoniam
2474 3241 2606 3302 Sal-

404 3340 631 3410 lustius,
652 3363 765 3405 nec
788 3344 1164 3425 opulentiam
1182 3345 1432 3406 Cicero.

488 3433 683 3519 Epist.
726 3437 1063 3501 Frontonis
1104 3442 1183 3501 ad
1219 3444 1453 3503 Verum
1493 3459 1559 3521 p.
1605 3440 1727 3502 170
1768 3442 1874 3502 ed.
1916 3441 2145 3501 Rom.:
2189 3439 2607 3503 Contionatur

410 3537 558 3597 Cato
586 3537 833 3612 infeste,
868 3537 1180 3598 Gracchus
1210 3540 1586 3613 turbulente,
1621 3539 1858 3598 Tullius
1883 3538 2156 3621 copiose.
2187 3542 2333 3602 Jam
2354 3537 2422 3601 in
2444 3536 2605 3621 judi-

405 3630 521 3694 ciis
546 3631 722 3696 saevit
757 3632 921 3697 idem
956 3634 1127 3709 Cato,
1170 3635 1510 3717 triumphat
1545 3635 1789 3708 Cicero,
1828 3636 2238 3697 tumultuatur
2265 3636 2603 3709 Gracchus,

413 3729 626 3790 Calvus
656 3729 923 3793 rixatur.

488 3825 683 3905 Epist.
707 3829 1041 3891 Frontonis
1064 3829 1145 3891 ad
1172 3828 1259 3889 M.
1285 3827 1598 3892 Caesarem
1618 3847 1681 3909 p.
1710 3826 1794 3890 82
1814 3850 1830 3891 ε
1856 3827 2195 3892 Meministi
2219 3843 2287 3892 tu
2307 3828 2605 3914 plurimas

402 3926 724 4001 lectiones,
759 3926 981 4009 quibus
1010 3948 1202 4011 usque
1225 3929 1424 3991 adhuc
1448 3940 1735 3991 versatus
1762 3949 1853 4002 es,
1888 3929 2221 3994 comoedias
2248 3932 2599 4004 attellanae,

404 4039 690 4089 oratores
717 4041 963 4089 veteres
983 4050 1000 4089 ε
1027 4050 1289 4110 quorum
1308 4042 1416 4092 aut
1430 4031 1613 4112 pauci
1634 4043 1742 4092 aut
1758 4042 1989 4113 praeter
2013 4032 2305 4091 Catonem
2323 4043 2389 4093 et
2409 4031 2602 4092 Grac-

404 4123 582 4182 clmm
597 4144 779 4187 nemo
793 4125 1005 4187 tubam
1017 4123 1214 4197 inflat,
1234 4147 1451 4190 omnes
1464 4139 1670 4190 autem
1684 4130 1971 4207 mugiunt
1979 4129 2084 4191 vel
2094 4129 2368 4192 stridunt
2376 4127 2602 4213 potius.

490 4220 760 4305 Quintil.
811 4225 949 4299 ΧΠ,
1003 4225 1102 4296 10,
1158 4227 1231 4288 10
1255 4248 1270 4286 2
1322 4229 1389 4288 ln
1432 4224 1720 4289 oratione
1761 4225 1814 4290 si
1856 4226 2095 4312 species
2140 4227 2372 4291 intueri
2414 4226 2601 4304 velis,
