3367 5417
1357 419 1451 494 47.

311 555 542 618 selanus
586 556 682 618 eui
727 553 983 642 consilia
1021 575 1137 640 pro
1176 555 1477 624 concione
1516 557 1893 638 exposuerit,
1941 557 2136 639 ipsum
2179 557 2490 630 «licentem

310 649 466 714 facit
486 649 620 714 Cic.
646 654 741 715 De
770 665 930 716 orat.
971 655 1060 727 ΙΙ,
1092 654 1192 714 11.
1246 655 1339 718 Ex
1364 652 1647 720 hocloco
1687 672 1925 718 errasse
1962 656 2241 735 Pighium
2277 656 2493 722 verisi-

312 746 458 820 mile
487 747 583 824 fit,
608 747 716 834 qui
745 749 1093 814 consulibus
1113 746 1385 816 Antonio
1414 749 1837 814 Macedoniam
1895 751 2210 824 Postumio
2248 755 2494 822 ltaliam

308 845 603 925 obtigisse
645 846 906 912 censuit.
959 847 1099 910 Non
1134 846 1438 910 fefellerat
1475 866 1615 910 eum
1652 847 1824 912 loeus
1859 848 2339 929 Ciceronianus,
2385 855 2494 918 sed

310 941 557 1017 callide,
596 942 874 1010 habitam
912 945 1248 1012 testimonii
1272 947 1409 1010 loco
1435 942 1782 1012 orationem
1822 947 1900 1014 de
1940 950 2262 1016 consulatu
2299 952 2491 1018 inter-

310 1054 618 1125 pretatur,
659 1056 989 1128 antequam
1012 1043 1081 1107 in
1113 1043 1499 1126 provinciam
1522 1043 1750 1108 abiret.
1799 1043 1922 1108 Sed
1962 1050 2267 1127 quomodo
2311 1049 2496 1116 totius

311 1146 662 1210 consulatus
687 1143 949 1220 consilia,
973 1164 1318 1229 exponere,
1349 1145 1657 1227 quomodo
1697 1147 2130 1212 auctoritatem
2171 1152 2251 1216 ad
2292 1149 2494 1232 repri-

308 1248 563 1312 mendos
580 1244 903 1312 seditionis
921 1244 1222 1328 igniculos
1240 1246 1538 1312 adhibere
1556 1247 1782 1329 potuit,
1802 1247 1920 1310 nisi
1943 1250 2170 1314 mansit
2189 1250 2262 1316 in
2275 1252 2455 1316 ltalia
2467 1252 2497 1314 P

308 1346 523 1428 Neque
555 1360 690 1410 erat
712 1366 787 1408 eo
812 1361 1112 1429 tempore,
1145 1365 1259 1410 cur
1277 1346 1345 1408 in
1370 1342 1821 1418 Macedoniam,
1853 1343 2028 1427 quasi
2061 1349 2140 1412 ad
2160 1367 2351 1427 grave
2371 1349 2498 1413 be}-

305 1440 459 1517 lum,
481 1443 700 1505 consul
723 1463 797 1504 eo
816 1440 1193 1524 potissimum
1214 1439 1490 1504 civitatis
1509 1453 1674 1503 statu
1696 1441 2067 1506 mitteretur.

393 1539 588 1616 Movit
608 1539 915 1619 Pighium,
944 1539 1105 1620 quod
1130 1537 1451 1600 seditiosus
1481 1537 1662 1600 homo
1695 1537 1769 1600 C.
1823 1538 2152 1604 Norbanus
2183 1540 2266 1603 ab
2301 1543 2489 1606 Anto-

307 1633 443 1709 nio,
478 1654 581 1718 ap.
616 1636 752 1701 Cic.
791 1636 886 1700 De
918 1646 1079 1697 orat.
1117 1634 1200 1705 11,
1235 1633 1341 1707 48,
1377 1631 1499 1694 sibi
1529 1643 1795 1712 quaestor
1821 1633 2058 1700 additus
2089 1636 2339 1698 dicitur.
2371 1638 2493 1701 Sed

308 1751 453 1796 cum
468 1732 750 1814 praesidio
766 1731 847 1793 ab
865 1731 1022 1796 urbe
1037 1730 1261 1793 afuisse
1277 1728 1614 1812 paulisper,
1631 1726 1854 1792 Cicero
1873 1733 2232 1800 notansPro
2243 1734 2488 1802 Cluent.

312 1849 374 1892 c.
403 1830 510 1904 50,
538 1834 664 1895 Pro
696 1829 916 1894 Rabir.
954 1829 1140 1892 Perd.
1178 1846 1235 1892 c.
1269 1830 1338 1902 9,
1372 1827 1518 1889 coll.
1550 1826 1608 1902 1,
1644 1846 1891 1896 causam
1915 1827 2098 1898 simul
2125 1832 2349 1911 aperit,
2384 1853 2497 1900 cur

309 1946 669 2013 quaestorem
688 1931 995 1996 habuerit.
1030 1933 1193 1994 Nam
1215 1929 1322 2010 qui
1344 1927 1589 1994 ltaliam
1613 1948 1754 1994 cum
1780 1929 2065 2012 imperio,
2087 1934 2382 1996 tumultus
2396 1934 2496 1998 vel

306 2033 628 2098 seditionis
644 2033 744 2095 vel
765 2029 1112 2115 questionis
1134 2049 1340 2106 causa,
1362 2027 1754 2112 provinciam
1776 2029 2114 2106 habebant,
2136 2046 2497 2113 quaestorem

305 2150 521 2198 secum.
542 2129 776 2196 habere
802 2148 1052 2194 neeesse
1070 2126 1213 2192 fuit.
1240 2126 1581 2192 Censuram
1598 2126 1789 2206 gessit
1817 2129 1898 2188 M.
1923 2131 2233 2196 Antonius
2261 2151 2404 2196 cum
2423 2134 2492 2201 t.
2553 2117 2559 2124 ⁴

304 2230 559 2296 Valerio
581 2233 805 2296 Flacco
832 2251 894 2296 a.
923 2227 1072 2294 656.
1091 2229 1247 2294 Cum
1269 2229 1353 2289 Μ.
1388 2227 1755 2300 Duronium,
1791 2231 2186 2312 sumptuariae
2211 2231 2370 2311 legis
2391 2233 2500 2296 tol-

305 2331 503 2402 lenda
527 2331 594 2394 in
624 2332 947 2420 tribunatu
969 2343 1307 2401 auctorem,
1339 2339 1556 2394 senatu
1592 2328 1905 2404 movisset,
1936 2331 2141 2398 media
2173 2330 2253 2400 ab
2284 2334 2499 2396 eodem

310 2452 571 2502 censura
591 2454 734 2500 reus
757 2435 835 2497 de
861 2429 1098 2500 ambitu
1125 2432 1329 2496 factus
1349 2441 1463 2492 est.
1497 2428 1739 2494 Falsum
1765 2443 1859 2496 eet
1876 2444 2107 2507 autem,
2134 2435 2298 2513 quod
2315 2432 2494 2512 Pigh.

308 2550 373 2612 p.
408 2532 523 2596 189
542 2532 705 2598 hanc
724 2529 989 2600 ambitus
1009 2549 1259 2598 causam
1273 2528 1506 2598 dictam
1526 2544 1653 2589 non
1677 2546 1809 2592 esse
1828 2530 2045 2591 tradit.
2066 2529 2316 2593 Diserte
2335 2531 2500 2594 em’m

306 2627 387 2692 C.
413 2626 593 2692 Coelii
619 2627 687 2691 in
714 2648 789 2692 ea
819 2624 1234 2690 testimonium
1260 2623 1508 2690 exhibet
1536 2622 1843 2688 Antonine
1879 2645 1978 2707 ap.
2019 2624 2155 2688 Cic.
2202 2627 2297 2689 De
2332 2643 2496 2690 orat.

308 2730 396 2804 11,
425 2731 530 2791 67.
568 2727 687 2792 sed
714 2727 1068 2810 plenissime
1096 2724 1463 2799 absolutum,
1495 2724 1657 2805 quod
1691 2744 1874 2788 nemo
1911 2726 1979 2790 in
2014 2725 2148 2788 foro
2174 2726 2502 2805 gratiosior

309 2840 485 2902 erat„
505 2825 785 2908 quamvis
812 2827 981 2890 nullo
1007 2823 1375 2900 affinnanoe,
1406 2820 1591 2890 facile
1619 2820 1955 2890 credimus.
1987 2825 2142 2890 Nam
2165 2827 2503 2892 Antonium

312 2924 873 3035 aperielitantibus
888 2923 1157 2994 maxime
1174 2921 1874 3009 expetitumsuisseCic.
1902 2926 2079 2990 Brut
2104 2945 2166 2988 c
2189 2928 2297 3002 57,
2316 2931 2503 2993 adno-

312 3021 502 3101 tavit,
544 3044 742 3106 neque
767 3019 1144 3096 iastidiosum
1180 3020 1249 3085 in
1286 3018 1673 3102 recipiendo,
1718 3019 2002 3102 quamvis
2034 3021 2169 3088 do
2145 3044 2290 3102 jure
2328 3024 2502 3090 civili

313 3124 471 3192 nihil
497 3126 823 3194 admodum
862 3120 1075 3196 seirot.
1127 3124 1251 3190 sed
1292 3118 1496 3188 tenuis
1534 3140 1859 3188 causarum
1901 3122 2316 3204 privatarum,
2355 3146 2507 3207 quas

310 3227 541 3306 egerit,
584 3225 883 3296 memoria
920 3238 1281 3308 superest...
1323 3215 1429 3311 [V.
1470 3223 1553 3286 sr.
1598 3243 1665 3306 p.
1716 3224 1862 3286 139
1865 3222 2013 3286 146.
2018 3221 2046 3314 J

400 3323 532 3384 37..
545 3324 772 3386 .Bello
810 3323 1030 3386 Italico
1079 3316 1388 3383 Antonius
1415 3319 1494 3381 ab
1521 3320 1678 3383 urbe
1716 3322 1890 3394 afuit,
1947 3341 2088 3384 cum
2138 3320 2240 3383 vel
2265 3322 2505 3401 legatus

311 3430 472 3482 esset
501 3418 603 3481 vel
634 3419 830 3482 Italiae
864 3432 1106 3502 partem
1134 3419 1422 3479 tuendam
1452 3419 1815 3502 accepisset,
1846 3431 1916 3480 ut
1952 3438 2166 3480 omnes
2211 3418 2407 3482 ferme
2432 3440 2506 3481 ea

311 3528 677 3601 tempestate
716 3517 904 3580 rebus
930 3515 1128 3597 gestis
1152 3517 1427 3596 insignes
1476 3514 1633 3600 (Cic.
1690 3519 1866 3579 Brut.
1911 3537 1969 3579 c.
2015 3520 2146 3604 89).
2185 3515 2278 3580 De
2306 3529 2506 3580 morte

311 3615 574 3684 Antonii
606 3639 687 3682 ne
720 3637 852 3700 quae
885 3631 1027 3680 nota
1055 3628 1224 3693 sunt,
1254 3635 1657 3698 exponamus,
1688 3630 1974 3679 auctores
1998 3615 2339 3684 excitemus
2366 3618 2498 3686 Cic.

312 3718 412 3780 De
438 3715 851 3791 orat.111,3,
892 3714 1003 3790 10,
1045 3716 1312 3776 Brut.c.
1340 3714 1455 3789 89;
1487 3710 1709 3778 venei.
1736 3713 1819 3789 11,
1846 3712 1961 3786 223
1987 3713 2199 3776 Valer.
2227 3715 2389 3782 Max.
2415 3717 2499 3786 11,

214 3853 221 3868 ·
316 3818 383 3892 9,
410 3818 483 3891 53
511 3818 780 3892 v111,9,
806 3814 878 3891 23
911 3815 1027 3889 IX,
1053 3813 1118 3887 2,
1147 3811 1221 3885 23
1257 3806 1394 3872 Liv.
1420 3807 1866 3893 Epietxxx,
1891 3812 2506 3877 leoechummario

316 3936 377 3978 c.
418 3910 1026 3997 44·‚Appinn.130u.
1053 3907 1195 3974 niv.
1227 3909 1279 3984 1,
1309 3907 1413 3970 72.

398 3962 637 4076 Prae'ter
670 4013 907 4089 Crassi,
945 4008 1152 4076 Catuli
1192 4008 1545 4091 utriusque,
1589 4007 1853 4092 Caiique
1882 4006 2141 4073 cesaris
2180 4008 2509 4073 Strabonis

318 4111 802 4180 familiaritatem
823 4132 963 4174 cum
984 4108 1270 4176 omnibus
1284 4108 1480 4174 ferme
1509 4109 1752 4191 magnis
1773 4111 1944 4187 viris,
1971 4112 2074 4194 qui
2101 4123 2250 4174 tunc
2273 4125 2501 4186 essent,

319 4231 526 4281 mutua
552 4211 987 4279 benevolentia
1007 4209 1255 4293 junctus
1281 4209 1464 4276 fuisse
1490 4210 1758 4274 videtur.
1811 4213 2023 4294 Neque
2064 4230 2314 4276 causam
2339 4211 2503 4274 vide-
