3367 5417
775 624 841 688 in
871 626 1041 688 nulla
1082 644 1262 687 causa
1303 625 1535 687 forensi
1564 645 1668 687 eos
1705 623 2053 689 defendisse
2085 621 2331 690 videtur
2366 627 2693 704 AntoniuS,
2739 631 2849 691 sed
2900 650 2979 691 ex

773 723 907 806 ipso
931 725 1090 797 loco,
1119 722 1186 784 in
1205 741 1324 804 quo
1340 742 1554 786 eornm
1572 736 1665 786 est
1686 744 1912 799 sermo,
1946 735 2140 808 patet,
2166 726 2233 787 in
2256 723 2541 800 Norbani
2567 745 2749 789 causa
2760 723 2986 789 Manlii

773 823 955 886 simul
983 834 1048 885 et
1093 817 1285 903 Regis
1320 818 1425 904 (a.
1459 824 1585 890 635.
1620 823 1941 907 consulis),
1995 824 2100 907 qui
2139 822 2363 888 itidem
2398 827 2582 909 culpa
2609 823 2910 909 Caepionis
2939 847 2979 887 a

771 917 1042 983 Cimbris
1069 919 1300 986 devicti
1346 933 1550 994 erant,
1586 920 1897 985 fortunam
1925 939 2064 983 eum
2092 921 2469 1003 deplorasse.
2513 915 2718 1014 [Adde
2755 925 2979 983 oratio-

769 1036 912 1076 nem
938 1021 1000 1077 in
1026 1018 1276 1099 fratres
1312 1016 1531 1077 Cossos
1557 1020 1726 1097 apud
1749 1023 2157 1080 centumviros
2180 1044 2202 1077 .·
2242 1039 2306 1081 v.
2331 1019 2497 1080 infra
2525 1020 2592 1081 in
2620 1015 2830 1083 Scrih.
2861 1017 2980 1082 Cu-

770 1118 955 1181 rione
984 1138 1046 1201 p.
1087 1114 1268 1209 166]
1319 1129 1334 1142 '

1323 1291 1539 1408 XLV.
1599 1295 1682 1363 L.
1741 1294 2047 1364 Licinius
2097 1294 2474 1390 Crassus„

1347 1423 1352 1432 '
1461 1411 1814 1515 [Ellendt.
1878 1407 1975 1516 p.
2013 1416 2305 1513 49-54.]

861 1597 1061 1660 Natus
1085 1603 1148 1656 a.
1179 1597 1262 1662 U.
1291 1594 1440 1682 613,
1473 1607 1752 1657 mortuus
1778 1615 1836 1656 a.
1865 1598 1951 1663 U.
1982 1594 2133 1659 662.

852 1690 990 1755 Cic.
1008 1693 1189 1754 Brut.
1215 1711 1273 1753 c.
1295 1687 1377 1753 38
1410 1712 1428 1753 ε
1465 1691 1771 1773 Equidem
1788 1707 2159 1773 quamquam
2182 1690 2457 1753 Antonio
2480 1700 2723 1751 tantum
2743 1685 2978 1759 tribuo,

769 1802 979 1852 tamen
999 1787 1230 1851 Crasso
1261 1787 1416 1852 nihil
1441 1801 1644 1851 statuo
1688 1783 1828 1850 fieri
1860 1788 2126 1870 potuisse
2170 1778 2530 1870 perfectius.
2564 1785 2717 1846 Erat
2741 1803 2977 1847 sumina

770 1884 1079 1967 gravitas,
1123 1899 1263 1948 erat.
1289 1904 1430 1948 cum
1456 1881 1773 1966 gravitate
1809 1884 2066 1972 junctus
2101 1885 2468 1947 facetiarum
2506 1894 2572 1945 et
2609 1881 2984 1944 urbanitatis

773 1981 1108 2060 oratorius,
1162 1999 1290 2045 non
1328 1982 1609 2046 scurrilis
1651 1982 1839 2066 lepos,
1872 1981 2064 2045 latine
2098 1981 2390 2063 loquendi
2419 1990 2711 2042 accurata
2751 1991 2818 2041 et
2836 1974 2975 2040 sine

773 2078 1053 2145 molestia
1080 2077 1343 2159 diligens
1366 2080 1700 2161 elegantia,
1736 2077 1803 2142 in
1832 2080 2195 2143 disserendo
2220 2079 2380 2141 mira
2420 2072 2755 2161 explicatio
2789 2097 2807 2137 ε
2836 2077 2982 2139 eum

770 2183 847 2245 de
868 2183 1010 2264 jure
1032 2177 1227 2255 civili,
1253 2199 1393 2243 cum
1412 2182 1490 2242 de
1517 2199 1690 2262 aequo
1710 2192 1776 2242 et
1800 2179 1970 2244 bono
2005 2178 2453 2262 disputaretur,
2479 2189 2983 2259 argumentorum

771 2295 837 2344 et
863 2281 1334 2343 similitudinum
1360 2276 1568 2363 copia.

854 2377 1016 2442 lbid.
1040 2400 1102 2441 c.
1132 2380 1239 2455 44,
1281 2379 1436 2441 16:32
1473 2381 1549 2441 ln
1572 2378 1857 2441 omnibus
1879 2375 2276 2444 oralia-nibus
2303 2378 2516 2444 Crassi
2540 2375 2703 2440 inest
2729 2372 2989 2460 quidam

641 2487 648 2496 ’
771 2478 911 2544 sine
935 2479 1061 2541 ullo
1077 2457 1228 2544 ⁸fuco
1256 2479 1538 2543 veritatis
1566 2479 1761 2542 color.
1789 2479 1959 2563 Quin
1980 2481 2170 2546 etiam
2191 2470 2666 2564 comprehensio
2688 2490 2758 2540 et
2782 2476 2984 2540 ambi·

775 2593 871 2642 tus
887 2579 993 2648 ille
1021 2578 1356 2656 verborum
1375 2592 1517 2644 erat
1531 2581 1695 2660 apuu}
1715 2577 1889 2642 illum
1909 2590 2270 2644 contractus
2295 2593 2363 2640 et
2377 2575 2601 2641 Brevis
2621 2591 2686 2640 et
2709 2576 2777 2638 in
2797 2594 2982 2637 mem·

775 2678 891 2739 bra
922 2678 1224 2759 quaedam,
1247 2695 1388 2762 ‹111oe
1412 2695 1552 2740 κῶλα
1574 2676 1789 2741 Groeci
1820 2687 2072 2754 vorant,
2096 2675 2502 2758 dispertiebat
2520 2675 2867 2738 orationem
2890 2672 2987 2734 lu·

773 2778 1046 2841 beatius.
1083 2810 1169 2822 —
1206 2777 1437 2839 Vellem
1478 2777 1662 2860 plura
1694 2777 1918 2839 Crasso
1957 2776 2239 2839 libuisset
2275 2775 2593 2839 scribere!
2631 2808 2710 2821 -
2736 2773 2876 2837 Fuit
2916 2773 2983 2834 in

771 2880 890 2943 hoc
938 2881 1128 2942 etiam
1177 2881 1487 2962 popularis
1540 2876 1736 2942 dictio
1786 2878 2098 2942 excellens
2116 2925 2138 2953 ,
2189 2878 2456 2942 Antonii
2499 2898 2695 2959 genus
2737 2872 2991 2939 dicendi

771 2982 967 3044 multo
994 2977 1195 3063 aptius
1209 2981 1464 3064 judiciis
1492 3002 1678 3064 quam
1708 2979 2136 3064 concionibus.

856 3077 990 3141 Cic.
1019 3078 1254 3144 Orator
1282 3098 1341 3140 c.
1374 3078 1453 3141 38
1482 3097 1500 3139 ε
1535 3081 1770 3146 Uterer
1797 3077 2095 3160 exemplis
2128 3074 2524 3154 domesticis(
2547 3073 2597 3137 i.
2629 3095 2689 3137 e.
2722 3094 2805 3137 ex
2833 3071 2987 3135 meis

777 3174 1220 3261 orationibus),
1260 3173 1382 3238 nisi
1409 3195 1484 3238 ea
1523 3177 1813 3257 legisses3
1845 3187 2061 3238 uterer
2090 3170 2314 3237 alienis
2341 3174 2442 3236 vel
2471 3173 2736 3249 Latinis,
2771 3172 2824 3235 si
2860 3170 2986 3232 ulla

773 3279 1138 3361 reperirem,
1173 3275 1273 3340 vel
1299 3278 1567 3354 Graecis,
1599 3276 1654 3340 si
1682 3278 1960 3340 deceret.
1981 3276 2112 3337 Sed
2136 3275 2662 3356 Crassiperpauca
2687 3288 2843 3345 sunt,
2878 3291 2989 3332 nec

775 3401 850 3439 ea
875 3375 1279 3462 judiciorum.
1311 3376 1477 3438 Nihil
1514 3378 1801 3448 Antonii,
1843 3375 2000 3436 nihil
2053 3377 2247 3439 Cottae
2271 3374 2382 3460 (C.
2420 3372 2661 3438 Aurelii
2708 3374 2942 3456 Cottoe)
2964 3421 2982 3447 ,

776 3474 928 3535 nihil
946 3475 1212 3554 ὃτιζοίσίἰ
1225 3474 1331 3558 (Ρ.
1365 3470 1630 3556 Sulpicii
1647 3471 1823 3557 Rufi)
1838 3519 1852 3533 .

848 3628 937 3662 nec
955 3606 1385 3684 cajade'ctbrum]
1421 3610 1538 3664 Jam
1560 3628 1626 3663 ex
1650 3609 1958 3683 fragmentis
1993 3606 2177 3682 colligi
2213 3620 2407 3681 potest,
2434 3607 2707 3664 Ciceronis
2740 3606 2987 3661 observa-

922 3695 1117 3749 tionem
1145 3714 1260 3749 esse
1293 3715 1471 3749 veram
1502 3716 1515 3748 ε
1543 3714 1604 3750 ea
1630 3697 1773 3749 enim
1809 3713 1974 3768 prope
2012 3695 2188 3748 omnia
2229 3714 2296 3748 ex
2337 3693 2668 3752 orationibus
2710 3698 2990 3751 senatoriis

931 3795 1023 3836 aut
1046 3799 1111 3837 ex
1132 3783 1482 3837 concionibus
1502 3795 1712 3856 sumpta
1731 3796 1882 3848 sunt,
1902 3802 2073 3856 pauca
2094 3801 2161 3837 ex
2177 3781 2475 3836 actionibus
2492 3779 2813 3854 judiciariis.

1443 3938 1499 3998 1.
1534 3956 1755 4000 omno
1783 3958 1843 4000 m
1870 3957 1928 3999 c.
1963 3956 2311 4000 cannonis.

865 4101 1002 4168 Cic.
1026 4104 1202 4168 Brut.
1242 4123 1300 4165 c.
1340 4102 1446 4178 43,
1483 4103 1647 4170 159:
1682 4102 2017 4168 Accusavit
2044 4102 2113 4163 C.
2149 4101 2538 4177 Carbonem,
2568 4099 2991 4182 eloquent'sssi·

785 4221 949 4262 mum
990 4198 1304 4264 hominem
1324 4250 1339 4275 ‚
1375 4201 1706 4264 admodum
1755 4200 2113 4266 adolescens
2150 4223 2169 4262 τ
2228 4191 2528 4263 summain
2573 4196 2819 4286 ingenii
2862 4218 2989 4260 non

783 4300 1024 4361 laudem
1055 4300 1256 4375 modo,
1290 4301 1398 4361 sed
1417 4300 1605 4363 etiam
1630 4299 2102 4363 admirationem
2124 4311 2216 4363 est
2237 4311 2625 4363 consecutus.
