3367 5417
1845 464 1979 535 146

807 601 943 674 bat,
981 601 1035 662 si
1064 603 1324 665 lustrum
1350 601 1500 665 felix
1528 598 1979 677 condidissent,
2012 601 2067 665 si
2094 602 2325 665 horrea
2356 601 2569 665 messis
2594 601 2930 685 implesset,
2965 605 3020 669 si

805 700 1114 767 vindemia
1137 705 1570 793 redundasset,
1613 703 1668 765 si
1693 703 1927 766 oliveta
1948 704 2125 782 larga
2146 702 2493 765 fluxissent.
2525 730 2559 760 ι

888 804 1006 867 uic
1032 803 1258 868 finiunt
1285 806 1607 870 orationes
1631 804 1952 867 censorioe.
1982 798 2086 891 [V.
2112 804 2191 865 ad
2211 823 2355 886 pag.
2384 805 2464 868 28
2488 803 2861 895 adscripta]

1388 971 1491 1034 34.
1541 990 1762 1034 camo
1794 991 1854 1032 m
1892 990 2087 1034 motu
2118 989 2413 1032 oacmu.

883 1125 1160 1189 Macrob.
1187 1127 1322 1189 Sat.
1349 1126 1434 1201 11,
1457 1127 1533 1188 13
1558 1147 1574 1186 :
1598 1151 1628 1182 α
1652 1121 1867 1188 Prima
1884 1121 2161 1187 omnium
2182 1126 2261 1186 de
2281 1124 2476 1187 coenis
2495 1125 2597 1186 lex
2618 1125 2696 1184 ad
2719 1125 3018 1207 populum.

789 1225 1363 1310 Orchia-pervenit,
1397 1247 1584 1309 quam
1620 1226 1766 1288 tulit
1788 1222 1865 1297 C.
1885 1224 2157 1289 Orchius
2186 1224 2470 1287 tribunus
2506 1225 2595 1307 pl.
2624 1227 2816 1288 tertio
2844 1247 3012 1290 anno

796 1346 982 1407 quam
1005 1327 1163 1390 Cato
1193 1347 1417 1390 censor
1441 1329 1669 1397 fuerat,
1701 1325 1877 1408 cujus
1903 1325 2122 1401 verba,
2173 1326 2316 1407 quia
2355 1338 2499 1387 sunt
2540 1322 2808 1406 prolixa,
2854 1346 3010 1411 prte-

786 1439 993 1489 tereo.
1036 1428 1286 1491 Summa
1322 1441 1530 1491 antem
1558 1426 1691 1511 ejus
1718 1425 2161 1508 proescribebat
2201 1446 2528 1489 numerum
2555 1426 3006 1505 convivarum3

790 1535 856 1584 et
877 1523 1008 1585 hoec
1029 1536 1125 1585 est
1152 1525 1251 1586 lex
1271 1523 1530 1599 Orchia,
1553 1525 1632 1586 de
1659 1544 1780 1605 qua
1797 1522 1947 1583 Cato
1974 1526 2037 1581 ἰιι
2063 1524 2449 1583 orationibus
2477 1523 2604 1585 suis
2623 1521 3011 1589 vociferaba-

790 1638 920 1698 tur,
963 1626 1125 1706 quod
1167 1625 1400 1707 plures,
1439 1645 1625 1707 quam
1667 1624 2029 1706 praecripto
2069 1623 2204 1707 ejus
2245 1623 2609 1698 cavebatur,
2650 1626 2730 1687 ad
2768 1646 3009 1689 coenam

790 1736 1195 1786 vocarentur.
1212 1750 1339 1783 »-
1368 1724 1465 1785 De
1494 1741 1756 1784 numero
1785 1718 2197 1783 convivarum
2225 1740 2349 1783 non
2379 1733 2625 1782 constat
2643 1746 2661 1780 ε
2693 1722 2802 1784 sed
2823 1724 3011 1786 notis·

781 1819 1009 1882 simum
1049 1830 1144 1884 est
1180 1818 1616 1903 proverbiumt
1660 1819 1912 1896 Septem
1941 1822 2283 1879 convivium
2303 1843 2326 1876 .-
2366 1838 2582 1880 novem
2619 1838 2775 1879 vero
2813 1827 3007 1881 convi-

777 1920 977 1994 u’um,
1001 1912 1050 1976 i.
1078 1935 1136 1977 e.
1169 1928 1405 1996 septem
1435 1911 1718 1977 convivae
1745 1914 2103 1976 convivium
2129 1912 2369 1976 faciunt
2394 1911 2760 1995 legitimum,
2783 1935 3004 1979 novem

781 2012 1072 2073 convivoe
1100 2013 1347 2072 modum
1377 2010 1720 2083 exceduut3
1763 2009 1925 2089 quod
1952 2009 2184 2089 legitur
2213 2011 2378 2093 apud
2402 2010 2528 2072 Jul.
2563 2008 2902 2094 Capitolia.
2936 2014 3001 2074 in

787 2112 957 2173 Vero
989 2110 1146 2191 Imp.
1181 2128 1241 2170 c.
1269 2106 1330 2168 5.
1378 2103 1637 2186 Pighius
1666 2105 1734 2167 in
1765 2106 1997 2169 Annal.
2033 2109 2110 2170 ad
2140 2127 2199 2168 a.
2229 2106 2376 2179 572,
2416 2128 2484 2190 p.
2512 2107 2678 2170 330:
2709 2133 2739 2166 ι
2777 2109 3002 2189 Legem

783 2210 865 2270 de
890 2227 1149 2270 numero
1175 2207 1607 2282 convivarum,
1635 2203 1862 2288 inquit,
1896 2206 1969 2269 C.
1998 2206 2226 2271 Orcius
2247 2204 2532 2269 tribunus
2556 2208 2645 2289 pl.
2671 2209 2907 2291 primus
2928 2211 3005 2273 de

784 2320 1036 2370 senatus
1076 2307 1390 2369 sementia
1434 2304 1599 2381 tulit,
1645 2307 1834 2369 tertio
1878 2327 2062 2388 quam
2098 2306 2257 2370 Cato
2299 2326 2522 2370 censor
2563 2307 2774 2371 suerat
2810 2331 2998 2385 anuo,

781 2408 1297 2491 quemadmodum
1325 2407 1683 2470 Macrobius
1714 2405 1783 2489 (1.
1810 2407 1889 2491 l.)
1921 2420 2187 2469 testatur
2215 2404 2472 2470 diserte.
2506 2408 2736 2490 Legem
2770 2411 2854 2473 M.
2887 2411 3004 2475 Ca·

783 2517 995 2567 eonem
1037 2501 1394 2567 dissuasisse
1434 2505 1704 2587 primum
1747 2525 1827 2567 ex
1868 2505 2051 2567 Festo
2092 2502 2387 2584 colligere
2414 2524 2753 2587 possumuS,
2787 2505 2894 2590 qui
2927 2530 3004 2573 ex

785 2602 1038 2668 Catonis
1067 2604 1372 2679 oratione,
1407 2625 1529 2686 qua
1556 2606 1755 2683 legem
1775 2604 2033 2669 Orciam
2058 2601 2389 2680 dissuadet,
2416 2605 2616 2667 verba
2640 2605 2817 2668 citat.
2853 2609 3003 2670 Per·

782 2705 970 2766 latam
995 2724 1148 2769 vero
1173 2716 1386 2787 postea
1414 2702 1781 2781 defendisse,
1827 2725 1906 2767 ex
1945 2703 2079 2786 ejus
2119 2705 2242 2768 alia
2277 2702 2564 2768 oratione
2590 2706 2753 2768 idem
2784 2707 3001 2770 Festus

778 2805 1191 2880 demonstrat,
1225 2802 1336 2866 ubi
1364 2806 1578 2877 docet,
1612 2804 1760 2886 quid
1796 2803 1880 2865 sit
1908 2802 2345 2866 obsonitavere.
2396 2802 2771 2868 Dissuasisse
2810 2806 3000 2888 igitur

776 2904 1051 2984 primum
1072 2902 1333 2968 Orciam
1362 2903 1611 2966 videtur
1640 2903 1820 2978 Cato,
1869 2915 1938 2963 ut
1979 2902 2165 2964 nimis
2206 2903 2431 2978 laxam,
2465 2905 2629 2985 quod
2670 2924 2994 2969 nnmerum

779 2986 1184 3052 convivarum
1211 2988 1591 3052 solummodo
1618 2988 1991 3050 terminaret
2011 3000 2075 3049 et
2091 2999 2369 3069 sumptus
2391 3008 2516 3052 non
2539 2989 2989 3069 restringerctt

629 3071 723 3143 43
775 3098 987 3166 postea
1023 3106 1177 3149 vero
1219 3104 1344 3148 non
1387 3085 1494 3146 diu
1533 3085 1610 3146 de
1649 3085 1769 3146 hac
1808 3085 1958 3146 item
1996 3084 2063 3145 in
2100 3084 2486 3147 orationibus
2524 3086 2674 3156 suis,
2724 3099 2793 3148 ut
2832 3088 2994 3150 idem

776 3182 1130 3245 Macrobius
1174 3180 1288 3258 ait,
1334 3180 1822 3255 vociferabatur,
1872 3180 2033 3260 quod
2080 3174 2313 3261 plures,
2361 3199 2548 3261 qnam
2588 3179 2799 3245 Orcioe
2836 3202 2992 3264 prae-

774 3283 1010 3366 scripto
1032 3283 1396 3357 cavebatur,
1416 3293 1545 3342 tum
1565 3284 1644 3342 ad
1661 3301 1908 3344 coenam
1925 3294 2327 3345 vocarentur.
2340 3309 2370 3341 ι
2383 3319 2465 3331 -—
2479 3280 2713 3345 Habuit
2724 3284 2989 3366 primam

771 3381 1145 3451 orationem,
1164 3397 1281 3461 qua
1300 3378 1499 3457 legem
1516 3374 1817 3441 Orchiam
1830 3373 2245 3455 dissuadebat,
2266 3398 2433 3442 anno
2448 3380 2572 3443 572
2604 3383 2679 3444 Ρ.
2696 3379 2994 3446 Cornelio

774 3478 1073 3564 Cethego,
1095 3479 1180 3541 Μ.
1201 3477 1411 3541 Baebio
1434 3475 1635 3551 Coss.;
1653 3478 1836 3540 modo
1857 3496 2077 3540 verum
2100 3479 2204 3553 sit,
2236 3479 2437 3557 legem
2462 3481 2587 3544 hoc
2607 3500 2778 3544 anno
2798 3483 2988 3545 latam

775 3581 1134 3646 esse-Cous.
1151 3579 1448 3644 Creuzer.
1471 3577 1759 3662 Antiqui.
1785 3582 1963 3645 Rom.
1990 3601 2053 3663 p.
2081 3580 2229 3644 428.
2254 3582 2608 3646 Macrobius
2628 3597 2804 3647 certe
2818 3586 2987 3649 hunc

773 3702 854 3744 an
862 3701 1008 3743 uum
1026 3681 1324 3746 describit
1345 3703 1366 3743 ε
1388 3681 1466 3744 de
1487 3682 1686 3743 altera
1710 3701 1943 3744 anuum
1966 3683 2297 3767 explorare
2318 3702 2447 3746 non
2468 3682 2736 3746 licet.-—·
2755 3687 2992 3770 Popma

772 3794 838 3845 et
857 3782 1013 3845 Lion
1034 3795 1361 3865 utramque
1382 3779 1737 3845 orationem
1762 3782 2168 3845 confundunt.

855 3884 1226 3963 Fragmenta
1247 3878 1553 3946 orationis
1579 3886 1645 3940 ἰη
1672 3882 1873 3961 legem
1894 3881 2197 3942 Orchiam
2228 3884 2361 3945 haec
2390 3896 2556 3947 sunt.

853 3980 1204 4049 Scholiasta
1214 3981 1559 4047 Vaticanus
1588 3981 1667 4043 ad
1688 3980 2014 4044 Ciceronis
2031 3982 2379 4046 Sestianam
2409 4004 2551 4068 cap.
2577 3984 2685 4058 66,
2709 3986 2814 4048 ed.
2838 3985 2987 4049 Maii

772 4086 900 4149 vol.
919 4087 970 4161 1,
991 4107 1057 4170 p.
1085 4086 1197 4149 161
1235 4082 1321 4169 (p.
1347 4085 1471 4147 310
1489 4104 1584 4166 sq.
1609 4084 1709 4145 ed.
1731 4081 1992 4168 Orell.)=
2014 4084 2171 4149 Cato
2198 4080 2266 4146 in
2296 4085 2497 4166 legem
2514 4085 2821 4151 Orchiam
2840 4105 2984 4148 con-

771 4182 977 4245 ferens
1016 4205 1092 4248 ea
1132 4203 1269 4266 quae
1308 4180 1548 4246 virtus:
1590 4181 1672 4242 Ut
1709 4201 1969 4243 summae
2008 4182 2227 4263 glotioe
2259 4188 2377 4245 stne
2416 4208 2456 4246 α
2488 4190 2714 4246 virtute
2734 4185 2991 4265 profici·

771 4283 1004 4341 scentia
1028 4305 1053 4346 ‚·
1100 4282 1412 4341 dedecoris
1459 4299 1609 4340 vero
1656 4281 1968 4357 praecipua
2015 4283 2467 4351 existimantur,
2518 4303 2660 4367 quae
2707 4279 2991 4359 mlupma
