3367 5417
627 3874 762 3951 221

1886 457 2023 528 338

856 593 1172 670 stiterunt,
1205 610 1387 679 atque
1420 600 1502 654 ita
1532 599 1595 653 in
1623 595 1804 654 libris
1830 594 2027 655 adhuc
2053 598 2348 677 ffimmtur
2376 593 2459 674 (i.
2496 614 2554 655 e.
2586 593 2652 656 in
2682 615 2903 658 eorum
2930 616 3063 658 ora·

855 701 1179 778 tionibus);
1222 702 1414 765 Curio
1440 721 1615 772 avus,
1655 701 1762 783 qui
1791 702 2076 765 Servium
2102 698 2385 764 Fulvium
2413 698 2637 764 incesti
2658 721 2833 764 reum
2856 703 3061 766 defen-

851 800 963 877 dit,
1005 814 1073 863 et
1110 800 1214 862 hic
1252 800 1324 861 C.
1369 800 1562 863 Curio
1595 811 1795 881 pater,
1828 801 1933 879 qui
1962 800 2037 862 P.
2072 798 2286 862 Clodio
2325 798 2544 874 adsuit,
2601 812 2666 861 et
2700 802 2925 863 tertius
2951 802 3057 863 ille

850 901 1041 964 Curio
1072 900 1467 974 ttibuniciuS‚
1524 901 1629 980 qui
1658 899 1826 961 bello
1856 896 2030 961 civili
2057 899 2484 981 Pompeiano
2467 921 2534 960 in
2566 896 2783 962 Africa
2821 898 3049 981 periit.

848 1019 989 1061 cum
1013 997 1183 1062 enim
1203 1011 1363 1062 esset
1379 996 1651 1081 partium
1676 998 1962 1070 Caesaris,
1993 1017 2319 1080 oppressus
2339 1010 2434 1059 est
2454 999 2535 1061 ab
2554 996 2864 1079 equitibus
2879 1000 3052 1062 Juboe

845 1099 1032 1178 regis.

935 1197 1101 1261 Plin.
1133 1199 1212 1260 Η.
1249 1199 1322 1259 N.
1347 1199 1504 1270 Vll,
1527 1197 1598 1257 41
1639 1219 1654 1256 x
1681 1199 1827 1264 Una
1846 1192 2079 1257 familia
2106 1194 2523 1272 Curionum,
2505 1217 2571 1258 in
2599 1217 2718 1277 qua
2752 1212 2883 1260 tres
2909 1219 3049 1262 oon·

844 1298 1017 1358 tinna
1041 1294 1205 1358 serie
1233 1306 1516 1357 oratores
1541 1292 1937 1355 exstiterunt.

925 1397 1021 1458 De
1049 1413 1166 1457 avo
1187 1406 1252 1457 et
1280 1406 1460 1476 patre
1478 1411 1664 1474 supra
1697 1389 1956 1454 dictum.

1572 1593 1735 1665 XC.
1795 1592 1880 1660 T.
1942 1590 2314 1663 Labienus.

917 1817 1156 1879 Seneca
1178 1810 1484 1874 Controv.
1518 1812 1595 1879 V,
1631 1828 1696 1889 p.
1728 1808 1849 1869 319
1879 1828 1972 1887 sq.
2003 1808 2101 1868 ed.
2144 1804 2278 1888 Bip.
2304 1828 2321 1868 ε
2358 1808 2453 1870 De
2474 1808 2747 1871 Labieno
2772 1811 3040 1874 interro·

830 1914 1040 1996 gatis?
1066 1911 1460 1976 Declamavit
1486 1931 1611 1973 non
1634 1911 1878 1992 quidem
1910 1910 2155 1991 populo,
2190 1911 2295 1970 sed
2322 1910 2592 1989 egregie.
2629 1912 2771 1973 Non
2821 1915 3038 1976 admit·

831 2014 1004 2076 tebat
1039 2009 1353 2094 populum,
1402 2022 1467 2071 et
1509 2008 1653 2090 quia
1702 2009 1973 2070 nondum
2013 2008 2142 2068 haec
2173 2009 2549 2069 consuetudo
2590 2022 2731 2069 erat
2758 2011 3033 2083 inducta,

829 2125 897 2174 et
916 2110 1059 2198 qnia
1087 2106 1350 2191 putabat
1374 2120 1553 2187 turpe
1581 2125 1657 2170 ac
1679 2104 1917 2167 frivolae
1939 2099 2329 2183 jactationis,
2362 2103 2715 2165 Affectabat
2740 2107 2868 2168 imo
2894 2127 3039 2169 cen·

828 2213 1066 2273 sorinm
1094 2205 1520 2291 supercilium,
1550 2226 1686 2267 cum
1720 2204 2090 2265 aliusanimo
2119 2215 2303 2265 esset.
2342 2204 2567 2281 Magnu
2590 2223 2620 2265 s
2650 2219 2897 2280 orator,
2938 2208 3042 2287 qni

831 2330 949 2393 per
978 2309 1175 2370 multa
1209 2306 1649 2387 impedimenta
1681 2306 2012 2377 eluctatus,
2065 2305 2140 2365 ad
2172 2305 2393 2366 lamam
2428 2301 2668 2384 ingenii
2699 2305 3041 2370 confitenti·

826 2409 944 2469 bus
969 2401 1165 2484 magis
1209 2401 1566 2464 hominibus
1589 2414 1966 2485 pervenerat
1990 2420 2177 2480 qnam
2216 2398 2591 2464 volentibus.
2618 2402 2870 2466 Summa
2898 2423 3039 2484 ege-

825 2520 954 2567 stas
980 2514 1143 2577 erat,
1181 2518 1422 2561 smnma
1440 2496 1724 2573 infamia,
1763 2517 2066 2559 summum
2089 2494 2322 2559 odium.
2354 2498 2579 2577 Magna
2620 2513 2826 2561 autem
2855 2500 3041 2565 debet

829 2621 961 2666 esse
990 2597 1369 2679 eloquentia,
1397 2614 1532 2673 quae
1563 2592 1780 2657 invitis
1794 2596 2063 2677 placeat.
2090 2594 2246 2657 Cum
2258 2595 2514 2674 ingenia
2526 2594 2704 2657 favor
2722 2595 3039 2661 hominnm

824 2702 1137 2775 ostendat,
1182 2698 1359 2759 favor
1390 2697 1541 2769 alat,
1571 2707 1865 2776 quantam
1907 2696 2034 2756 vim
2066 2714 2201 2757 esse
2247 2708 2518 2778 oportet,
2565 2694 2897 2777 qaae—inter
2928 2699 3035 2761 ob-

824 2796 1055 2860 stantia
1103 2805 1391 2875 erumpat
1413 2790 1443 2852 '1‘
1485 2792 1677 2853 Nemo
1709 2803 1866 2865 erat,
1915 2790 2090 2871 quin,
2122 2810 2263 2851 cum
2302 2787 2542 2852 homini
2571 2788 2784 2854 omnia
2809 2792 3034 2876 objice-

825 2909 947 2973 ret,
989 2896 1244 2975 ingenio
1271 2893 1532 2954 multum
1559 2889 1950 2955 tribueret...
1984 2891 2172 2955 Color
2198 2890 2502 2953 orationis
2531 2892 2823 2974 antiqnae,
2857 2891 3037 2974 vigor

826 3018 1021 3064 novoe.
1054 2997 1273 3061 Cultus
1318 2995 1488 3057 inter
1516 3006 1799 3056 nostrum
1829 3014 1903 3057 ac
1930 2990 2108 3075 prius
2136 2993 2409 3054 seculum
2454 2990 2712 3069 medius,
2766 3009 2834 3056 ut
2863 2995 3035 3058 illum

823 3112 1031 3184 pomt
1058 3110 1318 3177 utraque
1350 3114 1494 3176 pars
1521 3090 1643 3155 sibi
1673 3092 2026 3156 vindicare.
2062 3091 2343 3155 Libertas
2391 3105 2590 3169 tanta,
2624 3106 2693 3154 ut
2730 3094 3037 3159 libertatis

825 3221 1050 3265 nomen
1081 3197 1433 3266 excederet,
1467 3207 1552 3270 et,
1591 3194 1735 3275 quia
1766 3191 1991 3276 passim
2021 3191 2271 3255 ordines
2298 3191 2700 3275 hominesque
2727 3193 3030 3274 laniabat,

826 3300 1131 3362 Rabienus
1159 3306 1513 3358 vocaretur.
1551 3291 1814 3354 Animus
1857 3311 1970 3374 per
2011 3288 2168 3352 vitia
2217 3292 2458 3371 ingens,
2492 3304 2558 3351 et
2586 3293 2663 3353 ad
2689 3291 3034 3355 similitudi·

822 3421 966 3465 nem
1009 3393 1248 3478 ingenii
1281 3395 1377 3456 sui
1414 3392 1744 3467 violentus,
1800 3404 1859 3454 et
1910 3387 2016 3473 qui
2045 3391 2449 3474 Pompeianos
2474 3391 2731 3475 spiritus
2759 3395 3033 3462 nondum

823 3504 892 3564 in
939 3511 1121 3563 tanta
1171 3516 1324 3580 pace
1356 3493 1678 3578 posuisset.
1718 3496 1790 3555 ln
1840 3493 2006 3555 hunc
2041 3489 2310 3573 primum
2361 3491 2712 3573 excogitata
2752 3507 2849 3555 est
2877 3516 3033 3558 nova

822 3621 1011 3686 poena
1050 3622 1066 3662 ι
1096 3597 1383 3661 effectum
1415 3607 1511 3658 est
1539 3590 1712 3656 enim
1746 3613 1859 3675 per
1887 3590 2198 3665 inimicoS,
2250 3606 2317 3654 nt
2345 3613 2558 3657 omnes
2594 3593 2728 3675 ejus
2762 3592 2911 3656 libri
2941 3596 3035 3657 in-

820 3702 1263 3764 cenderentur.
1300 3697 1441 3757 Non
1475 3693 1621 3754 tulit
1647 3694 1811 3754 hanc
1842 3688 2156 3753 Labienus
2185 3693 2645 3764 contumeliam,
2680 3713 2799 3754 nec
2827 3710 3032 3776 super·

819 3819 947 3867 stes
974 3820 1107 3864 esse
1126 3796 1378 3878 ingenio
1405 3815 1513 3858 suo
1535 3795 1755 3866 voluit,
1787 3795 1892 3855 sed
1934 3790 2004 3854 in
2032 3806 2429 3856 monumenta
2460 3813 2527 3857 se
2555 3792 2866 3874 majorum
2892 3813 3026 3858 suo-

821 3921 961 3965 rnm
987 3897 1143 3960 ferri
1162 3893 1344 3976 jussit
1372 3908 1556 3974 atque
1593 3891 1684 3953 ita
1715 3890 1974 3963 includi,
2015 3890 2254 3952 veritus
2281 3885 2525 3952 scilicet
2563 3909 2643 3951 ne
2688 3892 2884 3972 igniS,
2927 3888 3026 3973 qui

822 3995 1062 4064 nomini
1109 4014 1217 4056 suo
1247 3990 1561 4078 subjectus
1587 4003 1750 4060 erat,
1788 3988 2041 4070 corpori
2067 4002 2446 4069 negaretur·
2496 4007 2623 4050 non
2652 3987 2864 4052 finivit
2894 4002 3022 4051 tan·

822 4113 953 4160 tum
973 4114 1040 4156 se
1067 4094 1220 4176 ipse,
1243 4090 1349 4152 sed
1379 4089 1568 4151 etiam
1586 4083 1893 4167 sepelivit.
1933 4084 2186 4148 Memini
2211 4086 2541 4167 aliquando
2569 4106 2710 4147 cum
2730 4087 3023 4149 recitaret

822 4193 1173 4263 historiam,
1226 4206 1512 4265 magnam
1556 4198 1799 4269 partem
1854 4185 2238 4248 convolvisse
2287 4198 2354 4246 et
2393 4181 2617 4245 dixisse
2664 4206 2681 4244 ε
2718 4188 2867 4248 Haec
2892 4202 3023 4266 quie

827 4307 1079 4356 transeo
1108 4298 1252 4369 post
1278 4295 1543 4347 mortem
1574 4302 1775 4345 meam
1808 4282 2127 4360 legentur!
