3367 5417
738 478 1019 546 Gracdxi
1054 476 1514 542 vehementiam
1553 487 1621 538 et
1659 473 1872 541 (hassi
1897 475 2347 551 mutin-itatem,
2376 491 2558 560 quam
2586 487 2763 538 recte
2790 477 2958 539 cala·

740 578 976 640 misti-is
1020 575 1381 642 Maecenatis
1427 587 1494 639 et
1540 574 1798 637 tinnitui
1850 574 2163 639 Gallionis
2215 573 2665 658 praeferendam
2709 576 2954 637 censuit

741 690 963 742 auctor
991 676 1261 740 Dial.⁴de
1286 687 1522 739 orator.
1546 696 1609 740 c.
1654 675 1762 750 26,
1785 674 1917 758 jam
1944 674 2200 739 Catonis
2213 675 2564 756 fragmenta
2581 674 2852 757 majora,
2881 675 2956 738 in

741 775 961 860 primis
978 794 1112 859 quat
1133 775 1292 858 apud
1320 776 1370 837 A
1384 819 1400 835 .
1422 772 1697 838 Gellium
1711 783 1977 851 exstant,
2003 787 2140 836 arte
2153 773 2398 855 quidem
2420 773 2864 849 destituuntur,
2887 761 2956 836 a't

738 874 927 959 plena
945 887 1090 937 suut
1116 873 1403 956 generosi
1419 872 1694 954 spiritus.
1723 874 1936 957 Quare
1966 892 2085 936 nec
2113 872 2246 956 ipse
2266 876 2348 935 A.
2371 871 2615 936 Gellius
2649 869 2954 955 (ceterum

741 976 1070 1038 immodico
1098 973 1360 1056 quodam
1395 969 1785 1052 antiquitatis
1806 971 2006 1035 studio
2046 971 2307 1057 captus)
2332 991 2535 1054 neque
2572 970 2804 1034 Cicero
2829 971 2955 1035 cul·

741 1073 966 1153 pandi,
998 1091 1141 1133 cum
1158 1083 1403 1131 veteres
1427 1068 1715 1132 laudibus
1742 1069 2010 1149 egregiis
2029 1068 2241 1131 ferunt
2257 1068 2346 1153 (v.
2368 1069 2546 1130 Brut.
2575 1086 2633 1132 e.
2667 1066 2774 1142 16,
2803 1067 2946 1131 coll.

746 1172 884 1258 33);
919 1191 1037 1233 nec
1061 1169 1325 1232 absurde
1342 1168 1613 1253 Quintil.
1644 1170 1954 1234 Cicerone
1983 1181 2306 1252 praeeunte
2328 1166 2634 1252 judicavit
2663 1165 2806 1244 xn,
2846 1169 2948 1245 10,

741 1270 850 1347 45,
876 1269 1019 1331 coll.
1045 1269 1126 1340 X,
1158 1268 1218 1342 1,
1249 1266 1332 1327 40
1351 1313 1370 1344 ,
1409 1267 1605 1329 multa
1630 1288 1669 1330 a
1691 1268 1932 1332 Catone
1958 1266 2376 1348 Gracchoque
2400 1264 2639 1329 oratori
2657 1268 2948 1347 peteuda.

740 1373 1053 1455 Praeterea
1082 1368 1353 1432 conferri
1377 1380 1653 1453 possunt,
1690 1387 1826 1452 quae
1846 1390 1882 1432 a
1911 1367 2219 1433 Cicerone
2248 1368 2318 1430 in
2341 1370 2516 1431 Brut.
2549 1386 2610 1428 c.
2646 1367 2728 1429 74
2759 1382 2826 1430 et
2845 1370 2951 1444 86,

740 1466 1126 1550 Quintiliano
1174 1466 1297 1526 ΧΠ
1323 1512 1341 1541 ,
1388 1465 1492 1543 10,
1530 1465 1609 1527 10
1654 1478 1721 1528 et
1762 1466 1868 1541 39,
1900 1464 2067 1527 Dial.
2120 1466 2198 1526 de
2222 1476 2417 1527 oratt.
2450 1482 2510 1525 c.
2542 1462 2644 1539 18,
2677 1481 2843 1546 sqq„
2873 1466 2955 1528 de

740 1567 919 1650 hujus
947 1566 1147 1628 aetatis
1165 1566 1517 1629 oratoribus
1544 1565 2006 1630 existimantur.
2039 1566 2197 1628 Num
2217 1567 2297 1628 de
2319 1565 2536 1629 Crassi
2560 1564 2948 1646 fragmentis,

741 1681 812 1730 ut
836 1667 1092 1750 exiguiS,
1123 1667 1213 1730 ita
1242 1669 1552 1746 claritate,
1586 1668 1653 1731 vi
1679 1681 1745 1731 et
1773 1668 1981 1731 colore
2001 1668 2094 1730 sic
2123 1665 2563 1742 eminentibus,
2592 1678 2663 1727 ut
2701 1666 2952 1731 Cicero·

741 1787 885 1830 nem
905 1763 1141 1846 maj0re
1170 1759 1560 1828 vehementia
1583 1783 1857 1846 unquam
1878 1764 2154 1826 dubitem
2182 1765 2410 1827 dixisse
2427 1811 2445 1841 ,
2490 1764 2613 1826 alio
2640 1764 2781 1827 loeo
2803 1765 2953 1827 ube-

741 1867 872 1929 rius
898 1865 1190 1929 dicemus.
1226 1865 1351 1928 Sed
1375 1864 1762 1947 simplicibus
1787 1864 2175 1941 hominibus,
2207 1865 2356 1926 lieet
2382 1865 2542 1928 casti
2581 1873 2787 1928 'mores
2815 1887 2951 1929 san-

742 1966 959 2030 ctitate
997 1965 1184 2029 etiam
1211 1964 1550 2028 verborum
1578 1966 2107 2048 exprimerentur,
2159 1966 2432 2045 ingenuo
2455 1986 2645 2029 sensu
2677 1970 2954 2049 quoedam

739 2083 973 2150 ponere
998 2067 1202 2143 libuit,
1230 2083 1365 2148 quae
1389 2066 1682 2130 cultiores
1709 2075 1970 2149 nepotes
1991 2065 2420 2149 repudiarunt.
2450 2065 2639 2130 Velut
2668 2069 2948 2151 quoeCic.

743 2169 838 2231 De
878 2182 1038 2230 orat.
1084 2170 1221 2246 111,
1272 2167 1346 2228 41
1403 2180 1471 2230 et
1519 2187 1595 2230 ex
1637 2187 1712 2233 eo
1761 2166 2190 2251 Quintilianus·
2211 2168 2360 2232 vm
2386 2214 2405 2244 ‚
2459 2172 2523 2245 6,
2576 2169 2679 2246 15,
2728 2190 2949 2253 parum

742 2261 968 2329 munde
996 2266 1165 2329 dicta
1196 2266 1415 2342 refert,
1450 2280 1678 2326 stercus
1703 2269 1891 2326 curia
1918 2264 2250 2326 Glauciam
2288 2279 2354 2328 et
2406 2282 2736 2328 castratam
2776 2272 2844 2329 A
2827 2269 2953 2351 fn·-

743 2370 887 2426 cani
922 2381 1121 2426 morte
1146 2363 1592 2446 rempublicam
1613 2413 1634 2442 ,
1681 2384 1818 2447 quoe
1857 2365 2094 2447 partim
2135 2366 2449 2441 mendose,
2482 2368 2715 2450 partim
2747 2388 2826 2430 ex
2859 2369 2957 2430 iu·

744 2479 1234 2551 terpretamento
1254 2465 1609 2530 Marcianus
1629 2466 1884 2549 Capella
1897 2466 2112 2530 Rhett.
2136 2487 2200 2551 p.
2221 2466 2372 2541 425,
2395 2469 2498 2530 ed.
2520 2468 2948 2552 Capperoun„

741 2564 983 2628 editore
1010 2565 1167 2627 nihil
1190 2575 1470 2636 notante,
1502 2564 1593 2626 sic
1623 2563 1820 2625 refert
1852 2585 1871 2626 ε
1912 2564 2260 2625 Castrorum
2281 2566 2616 2645 Africam,
2644 2582 2952 2627 mortuam

742 2661 1192 2742 rempublicam
1211 2709 1234 2736 ,
1268 2676 1329 2721 et
1374 2661 1655 2723 CYodium
1697 2675 1930 2722 stercus
1970 2675 2214 2722 senatus
2245 2691 2320 2708 ·-·-
2345 2662 2506 2739 haec,
2539 2663 2812 2744 iuquam,
2841 2683 2947 2725 ne·

732 2764 871 2825 scio
895 2783 1076 2844 quem
1101 2761 1264 2825 illius
1284 2763 1480 2826 aetatis
1501 2761 1758 2836 dixisse,
1783 2762 1950 2824 haud
1968 2762 2366 2844 improbabili
2396 2761 2760 2844 conjectura
2790 2783 2951 2825 asse-

740 2860 848 2943 qui
869 2879 1046 2945 posse
1085 2863 1238 2924 mihi
1263 2863 1504 2927 videor.
1532 2863 1819 2926 Fortasse
1847 2863 2112 2927 alterum
2151 2865 2234 2947 Q.
2262 2863 2542 2926 Metellus
2565 2862 2943 2934 Numidicus,

741 2969 847 3019 aut
884 2959 972 3019 M.
1008 2959 1298 3036 Scaurus,
1325 2973 1398 3021 ut
1421 2959 1727 3034 Glauciae,
1762 2959 1850 3021 ita
1876 2958 2201 3024 Saturnini
2236 2972 2302 3021 et
2335 2958 2519 3020 Marii
2546 2959 2830 3036 inimici3
2866 2960 2950 3021 al·

739 3069 942 3123 terum
972 3060 1055 3143 Q.
1100 3060 1377 3123 Scaevola
1419 3058 1648 3121 alicubi
1688 3071 1995 3142 posuerat.
2046 3061 2200 3122 Nam
2247 3080 2465 3142 parum
2497 3058 2671 3142 puris
2697 3060 2951 3123 auribus

737 3156 872 3218 haec
942 3158 1210 3221 castiora
1238 3158 1619 3220 videbuntur
1639 3204 1655 3233 ,
1701 3173 1883 3238 quam
1933 3159 2094 3238 quod
2130 3158 2318 3220 homo
2357 3156 2832 3220 candidissimus
2872 3160 2947 3220 L.

736 3253 883 3315 Piso
908 3253 1099 3334 Frugi
1133 3254 1201 3316 in
1239 3253 1586 3316 Annalibus
1615 3253 1884 3330 dixerat,
1927 3253 2339 3315 adolescentes
2365 3259 2462 3314 sui
2485 3261 2777 3334 temporis
2805 3260 2954 3334 pem·

738 3371 875 3415 esse
901 3355 1132 3416 deditos
1156 3352 1335 3437 (Cic.
1378 3355 1493 3438 Ep.
1525 3355 1605 3416 ad
1646 3357 1782 3415 Att.
1826 3355 1941 3429 IX,
1976 3353 2082 3430 22,
2128 3354 2235 3435 qui
2261 3355 2435 3420 locus
2465 3368 2634 3418 totus
2667 3355 2834 3418 lectu
2865 3357 2953 3418 di·

738 3455 945 3541 gnus),
965 3453 1385 3539 expressitque
1398 3453 1572 3517 inani
1600 3455 1927 3517 ‘vetustatis
1944 3454 2340 3518 affectatione
2354 3455 2676 3520 Sallustius
2692 3454 2920 3518 Catilin
2932 3498 2951 3516 .

741 3571 802 3614 c.
839 3549 943 3613 14.

833 3641 1200 3737 [inserimus
1218 3649 1325 3711 bic
1352 3647 1439 3710 Μ.
1473 3648 1731 3713 Catonis
1756 3648 2022 3731 aequales
2046 3648 2326 3711 seniores
2345 3660 2414 3710 et
2429 3647 2636 3711 minus
2650 3647 2946 3711 illustres.

744 3747 843 3813 M.
872 3745 1184 3810 Cornelius
1210 3749 1528 3831 Cethegw,
1553 3772 1612 3813 a.
1643 3751 1766 3814 549
1783 3750 1958 3822 eos„
1978 3752 2053 3811 de
2069 3769 2188 3830 quo
2207 3749 2433 3813 Cicero
2455 3750 2521 3811 in
2539 3752 2731 3813 Bruto
2747 3768 2811 3811 c.
2843 3750 2946 3813 152

744 3877 774 3909 α
805 3852 1006 3936 Quem
1039 3866 1190 3911 vero
1229 3864 1447 3928 exstet,
1482 3864 1547 3913 et
1581 3851 1659 3912 de
1702 3869 1821 3932 quo
1850 3851 1933 3911 sit
1959 3849 2274 3912 memoriae
2302 3851 2635 3932 proditum,
2661 3847 2956 3934 eloquen-

740 3963 866 4014 tem
894 3951 1076 4014 fuisse
1110 3959 1175 4012 et
1216 3949 1305 4012 ita
1352 3971 1483 4016 esse
1510 3951 1814 4025 habitum,
1854 3949 2092 4033 primus
2127 3962 2220 4013 oet
2248 3951 2331 4011 M.
2369 3951 2564 4015 Corn.
2609 3939 2953 4033 Cethegus,

743 4043 915 4129 cujus
942 4045 1311 4131 eloquentiae
1339 4061 1435 4111 est
1461 4061 1699 4125 auctor,
1749 4060 1815 4110 et
1843 4045 2106 4108 idoneus
2130 4046 2374 4130 quidem
2393 4097 2409 4126 ,
2437 4069 2577 4112 mea
2607 4049 2917 4113 sententia
2934 4094 2953 4122 ,

743 4143 826 4227 Q.
867 4143 1104 4208 Ennius
1122 4171 1142 4224 3
1172 4146 1516 4228 presertim
1540 4161 1725 4229 quum
1747 4144 1966 4227 etipse
1992 4159 2132 4206 eum
2171 4141 2463 4218 audierit,
2509 4158 2573 4207 et
2608 4145 2846 4208 scribat
2877 4146 2955 4206 de
