3367 5417
1455 371 1589 443 317

1064 617 1370 687 LXXXI
1381 674 1398 690 .
1457 620 1553 690 M.
1617 622 1969 695 Caecilius,

419 823 434 838 '
504 821 670 889 Plin.
705 826 781 885 R.
809 825 885 885 Ν.
918 823 1184 896 XXVII,
1214 821 1250 882 2
1290 843 1307 882 ε
1343 823 1626 899 Constat,
1678 825 1955 884 omnium
2004 844 2382 888 venenorum
2410 829 2620 892 ocissi-

423 947 592 988 mum
616 947 747 989 esse
779 923 1115 998 aconitum,
1145 938 1209 988 et
1240 925 1424 987 tactis
1447 944 1688 1005 quoque
1715 922 2092 1004 genitalibus
2119 925 2401 991 feminini
2442 950 2621 998 sexus

424 1021 783 1089 animalium
827 1025 1040 1087 eodem
1081 1022 1182 1084 die
1221 1022 1458 1086 inferre
1487 1036 1774 1085 mortem.
1821 1023 1953 1085 Hoc
1982 1024 2099 1085 suit
2136 1045 2468 1101 venenum,
2501 1049 2619 1109 quo

420 1126 827 1208 interemptas
856 1125 1235 1187 dormientes
1271 1146 1307 1187 a
1333 1124 1674 1209 Calpurnio
1717 1126 1925 1188 Bestia
1952 1144 2176 1188 uxores
2203 1129 2299 1189 M.
2334 1128 2620 1188 Caecilius

421 1237 744 1288 accusator
776 1225 1033 1307 objecit.
1069 1226 1231 1288 Hinc
1255 1223 1366 1287 illa
1408 1237 1588 1288 atrox
1613 1226 1929 1308 peroratio
1960 1226 2093 1307 ejus
2112 1228 2181 1288 in
2209 1223 2494 1306 digitum.

489 1366 574 1417 M.
608 1365 882 1433 Cacileias]
925 1365 1283 1419 Ruhnkenius
1326 1363 1553 1417 correxit
1603 1365 1684 1415 M.
1729 1364 1922 1417 Coelius
1946 1404 1959 1427 ,
2006 1378 2065 1416 ut
2102 1365 2256 1417 modo
2299 1365 2527 1419 diximus
2562 1365 2617 1416 in

560 1450 885 1521 Argumento
908 1449 983 1500 Μ.
1006 1447 1166 1501 Coelii
1191 1447 1338 1511 Rufi,
1369 1446 1706 1500 adnotatione
1733 1448 1965 1500 secunda
1995 1467 2010 1499 ε
2040 1467 2160 1500 cum
2200 1461 2377 1500 autem
2400 1466 2621 1520 prorsus

563 1534 805 1604 ignotum
832 1533 923 1596 sit,
951 1532 1305 1605 Calpurnium
1333 1534 1559 1585 Bestiam
1578 1551 1607 1584 a
1632 1535 1705 1585 Μ.
1745 1532 1916 1585 Coelio
1943 1532 2087 1584 Rufo
2127 1532 2366 1586 veneficii
2404 1551 2619 1586 accusa-

563 1631 677 1671 tum
717 1637 856 1680 esse,
897 1618 1062 1670 malui
1101 1630 1386 1687 utrumque
1427 1630 1686 1672 oratorem
1726 1636 1963 1670 seorsum
1998 1630 2240 1678 tractare.
2295 1618 2405 1670 Nec
2443 1631 2619 1672 tamen

560 1700 727 1773 magis
762 1700 984 1772 probare
1008 1718 1311 1773 possumus,
1348 1699 1471 1770 quis
1510 1699 1583 1752 eit
1623 1697 1723 1752 ille
1754 1703 1831 1753 Μ.
1880 1699 2146 1760 Coecilius,
2178 1687 2244 1752 de
2270 1717 2376 1770 quo
2411 1697 2621 1751 Plinius

559 1781 819 1853 loquitur,
847 1802 1002 1854 quam
1032 1783 1190 1847 illud,
1219 1784 1361 1856 quod
1391 1783 1749 1836 Ruhnkenius
1777 1782 1967 1846 voluit,
1995 1784 2232 1855 quamvis
2253 1784 2381 1836 satis
2398 1783 2467 1834 sit
2494 1802 2617 1854 pro·

563 1866 757 1920 babile.
795 1867 927 1919 Nam
963 1872 1037 1922 Μ.
1082 1868 1287 1921 Coelius
1333 1879 1604 1921 accusator
1652 1867 1814 1941 vulgo
1865 1868 2254 1922 nominabatur.
2294 1867 2619 1937 Calpurnius

562 1949 776 2019 quidem
800 1950 973 2004 Bestia
998 1969 1048 2004 a.
1091 1952 1188 2004 697
1231 1970 1261 2003 a
1286 1951 1467 2003 nescio
1502 1969 1608 2021 quo
1633 1950 1864 2004 ambitus
1899 1970 2023 2004 reus
2049 1964 2132 2005 est
2163 1951 2332 2005 factus
2367 1949 2620 2003 Cicerone

560 2034 894 2090 defendente.
919 2037 1035 2089 OEc.
1063 2037 1234 2108 Epist.
1264 2036 1328 2088 ad
1354 2037 1620 2106 Quintum
1649 2038 1734 2088 Fr.
1765 2035 1835 2099 11,
1867 2038 1919 2089 3.

1051 2216 1412 2286 LXXXII.
1471 2218 1573 2285 M.
1630 2214 1966 2287 Calidius.

1132 2310 1486 2408 [Ellendt.
1515 2337 1591 2407 p.
1637 2315 1725 2385 76
1748 2311 1907 2410 sq.]

498 2514 633 2578 Cic.
666 2516 846 2576 Brut.
880 2533 941 2574 c.
991 2515 1096 2587 79,
1153 2513 1274 2576 274
1307 2536 1322 2575 :
1357 2515 1440 2574 M.
1482 2516 1758 2580 Calidius
1799 2538 1924 2580 non
1968 2518 2086 2580 fuit
2135 2532 2348 2580 orator
2377 2538 2534 2596 unus
2580 2540 2615 2578 e

418 2613 652 2688 multis,
681 2614 888 2696 potius
916 2614 1082 2674 inter
1108 2615 1336 2675 multos
1360 2633 1554 2695 prope
1588 2615 1921 2695 singularis
1957 2617 2108 2691 suit3
2147 2616 2237 2679 ita
2266 2619 2620 2680 reconditas

412 2709 862 2790 exquisitasque
909 2709 1255 2773 sententias
1308 2709 1514 2772 mollis
1552 2722 1615 2772 et
1665 2712 1986 2792 pellucens
2038 2713 2339 2775 vestiebat
2390 2713 2614 2775 oratio.

416 2810 584 2873 Nihil
629 2823 758 2872 tam
800 2822 1087 2874 tenerum
1125 2831 1306 2894 quam
1350 2808 1520 2874 illius
1568 2812 2036 2894 comprehensio
2069 2813 2430 2888 verborum,
2463 2814 2620 2876 nihil

416 2921 540 2970 tam
587 2907 877 2985 flexibile,
934 2907 1114 2982 nihil,
1171 2913 1333 2994 quod
1377 2910 1572 2992 magis
1599 2911 1791 2994 ipsius
1838 2911 2101 2975 arbitrio
2141 2911 2503 2994 fingeretur,
2555 2927 2622 2974 ut

414 3009 645 3072 nullius
678 3009 948 3072 oratoris
973 3029 1146 3091 aeque
1176 3014 1244 3075 in
1273 3021 1578 3096 potestate
1605 3008 1797 3073 fuerit
1818 3034 1837 3073 ε
1879 3032 2016 3096 quae
2043 3016 2313 3096 primum
2336 3012 2423 3076 ita
2462 3034 2620 3097 pura

411 3121 570 3183 erat,
613 3124 685 3172 ut
712 3110 872 3172 nihil
913 3109 1239 3191 liquidius3
1273 3112 1361 3174 ita
1390 3112 1592 3174 libere
1619 3110 1873 3192 fluebat,
1906 3125 1973 3174 ut
2003 3133 2299 3195 nusquam
2337 3115 2615 3178 adhaere-

409 3223 645 3288 sceret3
699 3210 936 3274 nullum
975 3209 1098 3274 nisi
1140 3213 1277 3275 loco
1309 3208 1596 3301 :positum
1644 3225 1710 3275 et
1750 3225 2064 3296 tamquam
2106 3213 2174 3274 in
2216 3214 2617 3276 vermiculato

411 3307 803 3377 emblemate,
830 3322 898 3371 ut
919 3311 1008 3372 ait
1029 3309 1327 3388 Lucilius,
1358 3323 1664 3375 structum
1694 3312 1959 3374 verbum
1980 3314 2227 3376 videres
2242 3341 2261 3390 3
2305 3332 2425 3376 nec
2464 3333 2614 3376 vero

410 3404 600 3471 ullum
622 3416 727 3465 aut
760 3407 981 3467 durum
1014 3421 1121 3469 aut
1144 3409 1418 3471 insolens
1447 3421 1556 3471 aut
1573 3409 1807 3473 humile
1828 3424 1934 3472 aut
1954 3407 2197 3490 longius
2224 3412 2471 3474 ductum
2493 3436 2508 3484 ;
2539 3429 2613 3470 ac

412 3522 538 3564 non
559 3500 815 3585 propria
841 3503 1040 3566 verba
1068 3525 1301 3581 rerum,
1330 3510 1438 3569 sed
1457 3507 1752 3591 pleraque
1780 3511 2031 3582 tralata,
2065 3510 2156 3572 sic
2184 3523 2416 3583 tamen,
2442 3522 2512 3569 ut
2539 3528 2610 3568 ea

413 3622 539 3665 non
566 3604 823 3666 irruisse
850 3603 916 3666 in
942 3604 1210 3666 alienum
1238 3606 1463 3682 locum,
1506 3610 1612 3669 sed
1640 3608 2023 3689 immigrasse
2046 3611 2115 3672 in
2141 3630 2315 3672 suum
2344 3608 2607 3671 diceres-

495 3704 649 3786 Cap.
681 3704 786 3778 80,
840 3705 966 3769 276
995 3728 1015 3767 ε
1046 3706 1168 3769 Sed
1199 3727 1338 3770 cum
1382 3728 1419 3770 a
1449 3708 1630 3771 nobis
1664 3710 1851 3791 paulo
1885 3724 2031 3773 ante
2070 3711 2307 3774 dictum
2340 3712 2447 3781 sit,
2486 3712 2607 3773 tria
2660 3690 2805 3764 20ss

412 3803 612 3866 videri
649 3825 803 3880 esse,
839 3827 970 3887 quoe
1013 3822 1228 3869 orator
1251 3808 1493 3873 efficere
1524 3811 1808 3890 deberet,
1840 3824 1908 3874 ut
1935 3815 2209 3888 doceret,
2243 3828 2309 3875 ut
2347 3812 2605 3874 delecta·

412 3918 533 3981 ret,
563 3920 635 3968 ut
654 3922 931 3971 moveret
964 3929 981 3968 t
1023 3909 1141 3971 duo
1189 3930 1423 3973 summe
1453 3915 1674 3989 tenuit,
1723 3929 1792 3976 ut
1813 3927 1878 3976 et
1904 3934 2037 3975 rem
2064 3913 2404 3976 illustraret
2425 3914 2606 3974 disse-
2676 3911 2685 3921 “

413 4005 608 4067 rendo
634 4016 699 4067 et
723 4001 960 4068 animos
987 4025 1221 4081 eorum,
1259 4008 1365 4088 qui
1392 4009 1703 4084 audirent,
1732 4009 2077 4074 devinciret
2107 4009 2460 4091 voluptate3
2501 4009 2605 4070 ab·

411 4115 551 4166 erat
595 4100 785 4166 tertia
837 4104 944 4165 illa
984 4105 1137 4175 laus,
1178 4126 1297 4185 qua
1327 4121 1718 4186 permoveret
1758 4123 1940 4189 atque
1981 4108 2276 4170 incitaret
2320 4108 2597 4171 animos:

414 4223 526 4265 nec
549 4216 686 4266 erat
717 4203 837 4265 nlla
866 4202 963 4266 vis
992 4217 1174 4286 atque
1203 4204 1547 4270 eontentio.
