3367 5417
1826 431 1964 504 326

1018 680 1384 749 LXXXV.
1445 681 1545 749 Μ.
1587 679 1923 751 Valerius
1962 674 2304 750 Messalla
2340 625 2785 747 Corvinus.

1488 774 1829 872 [Ellendt.
1871 801 1941 872 p.
1982 775 2106 847 92-
2110 771 2271 886 98.]

865 990 1133 1074 Quintil.
1162 994 1241 1067 X,
1278 994 1334 1065 1,
1368 994 1528 1052 113·
1512 1036 1528 1052 .
1565 991 1852 1055 Messalla
1892 990 2125 1053 nitidus
2164 1002 2231 1052 et
2269 989 2572 1054 candidus
2600 1002 2668 1050 et
2697 989 2993 1069 quodam-

779 1093 960 1152 modo
982 1092 1317 1173 prael'ereus
1339 1089 1404 1153 in
1429 1088 1696 1154 dicendo
1721 1090 2114 1154 nobilitatem
2142 1110 2315 1152 suam
2338 1087 2583 1151 viribus
2606 1087 2837 1150 minor.

863 1189 957 1250 ld.
987 1193 1008 1250 1
1019 1193 1094 1265 V,
1130 1193 1184 1261 1,
1215 1195 1252 1256 9
1273 1215 1291 1251 =
1323 1190 1618 1272 Quaedam
1647 1189 1716 1251 in
1746 1190 1845 1250 his
1886 1205 2125 1270 quoque
2165 1187 2621 1250 commendatio
2663 1186 2893 1260 tacita,
2944 1188 2997 1248 si

781 1308 892 1350 uos
918 1290 1196 1353 infirmos
1241 1304 1308 1355 et
1356 1292 1625 1373 impares
1673 1290 1992 1370 agentium
2036 1300 2261 1352 contra
2306 1287 2576 1366 ingeniis
2616 1287 2957 1348 dixerimus
2975 1334 2990 1360 ,

780 1389 987 1469 qualia
1028 1403 1174 1452 sunt
1213 1393 1507 1473 pleraque
1537 1391 1834 1453 Messalloe
1859 1386 2193 1472 prooemia.
2217 1425 2300 1435 —
2344 1391 2437 1450 Ex
2475 1388 2643 1450 Dial.
2676 1389 2754 1449 de
2779 1388 2991 1452 Oratt.

780 1508 922 1550 mox
943 1489 1166 1566 locum,
1195 1489 1340 1554 huic
1363 1509 1617 1574 prorsus
1649 1488 2063 1564 contrarium,
2092 1488 2346 1552 citabo:
2373 1484 2808 1571 Quintilianus
2828 1490 2995 1551 enim

781 1590 1057 1650 Messalae
1077 1591 1377 1672 prooemia
1397 1591 1631 1664 laudat,
1660 1602 1884 1653 auctor
1902 1590 2153 1668 Dialogi
2178 1585 2348 1650 illius
2369 1608 2444 1650 ca
2467 1588 2804 1671 vituperat.

865 1689 1084 1752 Senec.
1120 1690 1424 1754 Controv.
1465 1685 1564 1764 n‚'
1598 1689 1706 1765 12,
1740 1709 1806 1772 p.
1840 1689 1954 1752 191
1994 1691 2093 1752 ed.
2137 1688 2303 1751 1672
2343 1687 2440 1773 (p.
2488 1685 2745 1751 17t·ed.
2783 1689 2990 1774 Rip.):

782 1785 1045 1850 Messala
1074 1787 1189 1847 fuit
1216 1784 1596 1850 exactissimi
1626 1786 1865 1865 ingenii
1895 1786 1963 1847 in
1986 1791 2186 1853 omnis
2216 1787 2462 1866 quidem
2492 1783 2838 1847 studiorum
2862 1803 2999 1867 par-

783 1882 886 1957 tis,
905 1885 1086 1948 latini
1108 1887 1319 1969 utique
1336 1883 2030 1949 sermonis'observator
2048 1882 2575 1965 diligentissimus,
2595 1885 2772 1947 Idem
2788 1885 3000 1966 itaque

784 2002 923 2044 cum
956 1983 1225 2046 audisset
1250 1986 1586 2047 Latronem
1613 1983 2092 2060 declamantem,
2126 1982 2321 2044 dixit:
2354 1983 2480 2060 Sua
2510 1981 2714 2060 lingua
2744 1982 2999 2041 diser-ms

784 2099 896 2144 est.
945 2082 1272 2164 Ingenium
1300 2086 1394 2148 illi
1426 2082 1769 2155 concessit,
1803 2104 2154 2147 sermonem
2184 2081 2441 2165 objecit.
2489 2081 2632 2146 Non
2666 2083 2811 2144 tulit
2836 2083 2998 2144 lianc

783 2181 1226 2246 contumetiam
1253 2185 1466 2258 Latro,
1501 2195 1570 2244 et
1585 2201 1705 2261 pro
1725 2179 2087 2261 Pythodoro
2114 2167 2405 2241 Messalae
2433 2185 2775 2244 mationem
2805 2181 2997 2240 diser»

783 2285 1088 2342 tissimum
1115 2283 1439 2356 recitavit,
1478 2296 1743 2364 quacum
1771 2280 2176 2364 compositam
2219 2301 2391 2344 suam
2432 2279 2768 2344 suasoriam
2798 2282 2993 2343 Theo·

785 2382 939 2443 doro
963 2384 1338 2446 declamavit
1355 2396 1497 2468 post
1519 2385 1819 2446 triduum.

870 2482 1037 2545 nial.
1060 2485 1137 2547 de
1158 2496 1347 2547 oratt.
1372 2505 1430 2547 c.
1459 2484 1581 2548 20·
1614 2482 1843 2550 Catoni
1863 2484 1999 2545 seni
2022 2497 2415 2565 comparatus
2441 2481 2509 2544 C.
2537 2477 2854 2544 Gr'acchus
2874 2483 2999 2562 ple·

786 2579 928 2642 nior
965 2595 1032 2643 et
1067 2581 1368 2656 uberius
1386 2581 1480 2646 sic
1519 2579 1819 2648 Graccho
1862 2582 2118 2665 politior
2150 2575 2220 2644 iet
2258 2585 2549 2646 ornatior
2564 2582 2856 2655 Crassus,
2890 2582 2996 2643 -sic

784 2688 1045 2759 utroque
1070 2672 1428 2743 distinctior
1452 2693 1519 2743 et
1543 2675 1855 2743 urbanior
1878 2674 1943 2742 e't
1968 2673 2158 2742 altior
2185 2680 2762 2751 &remanet-one
2788 2677 3017 2740 mitior-

790 2774 1088 2836 Cotvinus
1111 2791 1178 2840 et
1195 2778 1444 2842 dulcior
1457 2789 1537 2841 ‘et
1561 2780 1629 2841 in
1658 2774 1875 2840 verbis
1900 2777 2101 2856 magis
2122 2777 2555 2842 elaboratus...
2569 2778 2806 2861 ‚Quis
2830 2797 2999 2838 nunc

783 2877 947 2936 feret
974 2879 1285 2940 oratorem
1315 2880 1394 2941 de
1419 2875 1787 2940 infirmitate
1816 2872 2193 2939 valetudinis
2220 2896 2345 2939 suae
2371 2878 2765 2960 proel'antem,
2788 2877 3020 2957 qualia·

783 2986 930 3034 sunt
946 2972 1080 3036 sere
1094 2972 1426 3054 principi&
1437 2977 1684 3037 (hmini
1702 2973 1736 3033 J>
1769 2971 2019 3057 (Simile
2040 2970 2273 3055 aliquid
2302 2977 2380 3037 de
2404 2976 2667 3036 canone
2692 2988 2993 3036 narratur

783 3095 819 3135 a
841 3074 1233 3157 Quintiliano
1255 3078 1363 3152 Vl,
1393 3079 1455 3151 3,
1483 3078 1586 3141 76.
1593 3082 1614 3154 )

866 3177 1124 3239 Messala
1145 3191 1402 3242 natusa.
1424 3182 1508 3256 U.
1534 3176 1680 3249 684,
1687 3175 2097 3239 'consulatum
2120 3177 2384 3257 gessita.
2412 3176 2535 3240 722
2556 3187 2620 3238 et
2638 3176 2702 3246 in
2722 3173 2990 3239 medinm

783 3293 975 3349 usque
996 3275 1264 3360 Augusti
1283 3272 1708 3357 principatum
1729 3274 2005 3336 duravit.
2030 3271 2200 3336 Dial.
2224 3276 2302 3335 de
2320 3287 2517 3336 oratt.
2538 3294 2599 3335 c.
2633 3275 2699 3335 17
2713 3317 2729 3331 .

867 3372 1308 3449 Fragmentum
1323 3375 1634 3431 orationis
1661 3376 2019 3447 senator-ite,
2043 3391 2224 3452 quam
2247 3371 2506 3434 Messala
2533 3371 2772 3445 habuit,
2796 3383 2999 3432 exstat

782 3473 848 3531 in
878 3471 1163 3535 Suetonii
1191 3472 1458 3537 Octavio
1489 3492 1545 3535 c.
1575 3472 1656 3535 58
1676 3493 1696 3533 ε
1728 3471 1938 3533 Patris
1964 3473 2183 3553 patriae
2212 3492 2555 3551 cognomen
2588 3470 2870 3534 universi
2900 3492 2999 3532 re·

781 3569 1039 3647 pentino
1070 3565 1466 3651 maximoque
1493 3587 1807 3631 consensu
1834 3568 2195 3630 detulerunt
2223 3571 2538 3649 Augusto3
2574 3570 2780 3652 prima
2821 3566 2999 3649 plebs

780 3663 1090 3742 legatione
1120 3665 1377 3728 Antium
1424 3666 1642 3739 missa,
1691 3683 1838 3726 mox
1877 3660 1947 3724 in
1976 3662 2169 3727 Curia
2209 3679 2459 3727 senatus
2501 3685 2702 3746 neque
2744 3666 2997 3725 decreto

779 3780 980 3842 neque
998 3763 1470 3837 acclamatione,
1489 3761 1602 3825 sed
1621 3760 2075 3843 per-Valerium
2099 3762 2444 3826 Messalam.
2470 3764 2535 3824 Is
2553 3761 2999 3830 mandantibus

779 3859 1057 3922 cunctis:
1087 3859 1271 3941 Quod
1295 3859 1548 3933 ὂονιιινη,
1577 3856 1805 3939 inquit,
1814 3857 2228 3956 fixus-tumque
2248 3863 2331 3920 set
2356 3858 2475 3920 abc
2493 3861 2827 3943 domuae‘que
2849 3875 2995 3930 tuoe,

784 3962 1003 4024 Caesar
1029 3959 1352 4041 .Augustae
1379 3964 1476 4024 ’sac
1501 3964 1674 4026 enim
1705 3979 1822 4020 nos
1842 3973 2211 4037 perpetuam
2220 3960 2621 4048 fislacuaoem
2634 3961 3013 4039 reipublicoe.

778 4077 837 4120 et
875 4061 1024 4124 loeta
1063 4059 1203 4122 huic
1234 4064 1512 4140 precari·
1505 4062 2001 4135 existimamus,
2031 4072 2275 4122 senatus
2314 4074 2401 4132 te,
2430 4064 2816 4124 consentiens
2858 4078 2993 4119 cum

773 4159 1001 4239 populo
1021 4161 1324 4233 Romano,
1348 4158 1687 4222 consalutat
1708 4156 1934 4237 patrica
1956 4171 2224 4236 panem.

865 4259 1113 4319 Festus:
1160 4257 1396 4320 Tabem
1439 4239 2066 4336 sanusque-taceret
2109 4254 2464 4328 tabescere,
2512 4257 2675 4337 apud
2702 4255 2998 4336 antiquos-
