3367 5417
858 585 1193 650 Recentem
1207 584 1499 649 {amilium
1511 570 1642 666 jam
1658 584 1728 647 in
1747 603 1823 648 eo
1840 600 2156 665 agnoscas,
2179 581 2340 663 quod
2355 592 2650 664 perpetuo
2669 584 3040 661 cognomine

856 695 1055 746 caret.
1078 683 1274 767 Quem
1291 701 1526 746 morem
1544 681 1655 745 snb
1673 679 2022 746 caesaribus
2038 677 2107 743 in
2127 679 2344 761 primis
2369 672 2709 741 obtinuisse
2726 675 3033 758 videmus,

855 781 966 853 ita,
994 792 1062 841 ut
1088 797 1216 842 non
1241 794 1452 861 patres
1477 781 1657 841 modo
1683 797 1723 840 a
1747 775 1914 856 filiis,
1944 777 2053 840 se'd
2079 775 2266 839 etiam
2290 775 2514 837 fratres
2539 795 2578 843 a
2603 774 2905 840 fratribus
2934 790 3039 862 pet

857 876 1076 938 culiari
1105 877 1473 954 cognomine
1502 877 2047 954 distinguerentur.
2096 874 2193 935 De
2218 883 2422 956 patre,
2462 871 2568 952 qni
2594 871 2672 932 ad
2698 887 3032 953 praeturam

853 995 1044 1057 usque
1065 975 1403 1040 honoribus
1424 977 1746 1060 processit,
1767 975 2040 1038 Historia
2067 973 2417 1055 conscripta
2435 992 2561 1035 non
2576 972 2858 1051 ignobili,
2884 977 3038 1039 vide

854 1077 1033 1135 Voss.
1065 1074 1161 1135 De
1183 1071 1328 1136 hist.
1358 1078 1495 1137 Lat.
1518 1077 1570 1146 1,
1601 1095 1666 1159 p.
1690 1073 1795 1149 46,
1829 1085 1894 1135 et
1921 1074 1997 1136 de
2023 1082 2246 1144 morte,
2278 1089 2459 1152 quam
2485 1072 2967 1151 repetundarum
2994 1095 3035 1137 a

853 1172 1160 1234 Cicerone
1187 1188 1451 1255 praetore
1478 1175 1797 1237 damnatus
1825 1170 2025 1236 obisse
2049 1170 2269 1246 fertur,
2317 1166 2768 1253 discrepantem
2796 1172 3034 1236 Plutar-

855 1273 1040 1334 chum
1057 1268 1123 1334 in
1141 1272 1276 1337 Cic.
1302 1295 1359 1337 c.
1378 1279 1414 1340 9
1436 1288 1499 1338 et
1510 1276 1644 1339 Val.
1668 1276 1833 1337 Max.
1853 1273 1966 1350 IX,
1989 1273 2167 1347 12,7,
2195 1282 2544 1357 τραγικώτερον
2567 1285 3036 1336 narrantem.—

855 1373 952 1435 De
977 1372 1170 1437 Calvo
1206 1389 1453 1439 oratore
1490 1395 1690 1458 pauca
1727 1375 1941 1438 dixere
1967 1372 2243 1437 Crinitus
2279 1383 2343 1436 et
2377 1371 2688 1453 Gyraldus
2727 1373 2804 1434 de
2843 1376 3037 1456 poetis

735 1506 744 1515 -
852 1470 1064 1534 latinis
1099 1474 1459 1551 scribentes,
1496 1474 1693 1537 verbo
1731 1494 1870 1536 eum
1908 1472 2114 1553 tetigit
2131 1474 2307 1535 Voss.
2339 1471 2434 1531 De
2463 1482 2629 1553 poet.
2660 1473 2799 1534 Lat.
2832 1493 2896 1554 p.
2931 1473 3031 1549 19,

854 1579 922 1629 et
946 1568 1244 1650 peculiari
1262 1571 1495 1654 scripto
1523 1570 1854 1650 Burignius
1881 1568 2211 1654 (Levesque
2235 1569 2312 1629 de
2333 1565 2634 1653 Burtgny)
2662 1567 2732 1630 in
2766 1565 3037 1632 Historia

853 1669 1049 1731 Acad.
1073 1687 1209 1749 reg.
1238 1672 1465 1734 Franc.
1490 1669 1807 1754 inscriptt.
1831 1681 1896 1733 et
1914 1666 2011 1732 lit.
2034 1669 2229 1748 elegg.
2255 1666 2381 1730 vol.
2402 1663 2637 1741 XXXI,
2667 1685 2733 1747 p.
2759 1665 2880 1729 122
2898 1687 3034 1750 sqq.

853 1768 979 1832 Sed
1015 1769 1146 1833 haec
1186 1771 1532 1849 materiem,
1579 1771 1855 1853 quamvis
1893 1788 2022 1832 non
2063 1766 2371 1830 uberrime
2411 1763 2608 1827 fluant
2644 1765 2866 1844 fontes,
2912 1788 3034 1831 non

852 1862 1249 1929 exhauriunt.
1271 1866 1497 1930 Calvus
1515 1879 1726 1929 noster
1743 1869 2000 1927 honesta
2019 1863 2344 1947 disciplina
2362 1862 2652 1925 educatus
2668 1874 2732 1924 et
2745 1861 2916 1926 omni
2931 1864 3039 1928 bo·

850 1983 1076 2025 narum
1097 1964 1321 2026 artium
1350 1984 1577 2043 genere
1606 1961 1878 2026 imbutus
1901 1963 2182 2040 videtur3
2204 1980 2345 2023 nam
2364 1961 2585 2025 multas
2606 1974 2670 2026 et
2686 1961 3036 2028 reconditas

857 2059 923 2122 in
948 2080 1023 2123 eo
1046 2061 1261 2124 literas
1286 2062 1565 2141 agnoscit
1590 2061 1812 2126 Cicero
1833 2064 2008 2124 Brut.
2037 2081 2097 2123 c.
2125 2061 2230 2135 82,
2262 2060 2488 2143 alioqui
2516 2081 2642 2123 non
2668 2060 3038 2143 nequissimum

871 2158 1050 2223 Calvi
1066 2158 1276 2240 judex.
1309 2162 1521 2241 Neque
1540 2160 1813 2223 moribus
1836 2160 1914 2222 ab
1935 2179 2033 2233 eo,
2051 2160 2237 2244 quod·
2217 2159 2505 2234 instituit,
2522 2159 2664 2222 vitae
2672 2179 2902 2239 genere
2928 2161 3046 2223 dis-

868 2248 1263 2339 crepantibus
1284 2254 1420 2318 suit.
1454 2257 1642 2338 Frugi
1657 2257 1964 2319 hominem
1983 2258 2190 2330 fuisse,
2215 2270 2343 2319 tum
2366 2259 2526 2338 quod
2545 2277 2725 2322 nemo
2742 2258 2888 2320 vitae
2906 2280 3043 2322 san·

858 2356 1136 2420 etitatem
1161 2358 1231 2419 in
1260 2358 1510 2419 dubium
1539 2378 1766 2421 vocare
1797 2378 1976 2422 ausus
2001 2371 2117 2435 est,
2136 2360 2414 2440 quamvis
2432 2358 2753 2422 liberrime
2768 2361 3044 2424 sentiens

859 2455 1417 2538 potentissimorum
1438 2462 1625 2523 etiam
1643 2460 1802 2522 iram
1824 2460 2198 2535 incurreret,
2218 2470 2349 2521 tum
2362 2456 2615 2523 Valerio
2628 2460 2896 2523 Maximo
2915 2462 2958 2524 l.
2980 2483 3036 2526 c.

856 2566 921 2615 et
959 2554 1163 2618 Plinio
1202 2557 1285 2619 H.
1320 2559 1398 2619 N.
1434 2556 1729 2635 xxxm,
1760 2556 1863 2642 11,
1903 2557 2272 2621 testantibus
2309 2557 2695 2637 intelligitur.
2742 2558 3044 2641 Questum

857 2651 1023 2714 enim
1051 2652 1287 2715 Plinius
1314 2651 1426 2727 ait,
1458 2656 1618 2736 quod
1645 2675 1756 2716 sua
1778 2666 1957 2717 aetate
1985 2674 2134 2717 vasa
2162 2654 2524 2735 coquinaria
2551 2675 2625 2716 ex
2651 2667 2908 2733 argento
2936 2654 3047 2718 fie-

857 2760 1023 2811 rent.
1055 2751 1211 2812 Nam
1235 2753 1394 2831 quod
1425 2748 1782 2813 lasciviores
1813 2751 1994 2834 paulo
2017 2770 2230 2813 versus
2257 2751 2424 2825 fecit,
2448 2751 2566 2814 hoc
2592 2770 2735 2813 cum
2763 2750 3045 2832 gravissi·

860 2843 977 2907 mis
996 2846 1169 2923 viris,
1189 2850 1270 2931 Q.
1293 2848 1585 2926 Scaevola,
1610 2850 1694 2935 Q.
1717 2850 1958 2924 Catulo,
1977 2850 2116 2914 Ser.
2136 2846 2433 2930 Sulpicio,
2457 2851 2786 2924 Cicerone,
2808 2849 3038 2924 Plinio,

859 2942 999 3021 aliis
1024 2961 1346 3010 commune
1375 2950 1594 3024 habet3
1627 2969 1828 3032 neque
1856 2944 2174 3033 Quintiliae
2212 2967 2452 3012 amores
2489 2949 2894 3032 culpabimus,
2938 2947 3044 3031 qui

859 3045 1144 3121 sciamus,
1175 3066 1256 3120 ne
1292 3069 1329 3111 a
1360 3048 1736 3112 meretriciis
1766 3051 2009 3130 quidem
2040 3047 2356 3111 amoribus
2381 3061 2531 3112 tunc
2559 3049 3049 3112 adolescentibus

813 3178 816 3183 ·
857 3142 1254 3209 interdictum
1301 3147 1504 3211 fuisse.
1555 3147 1712 3211 Cum
1758 3148 1999 3210 Catullo
2040 3149 2109 3209 in
2150 3144 2370 3228 primis
2414 3147 2783 3229 conjunctus
2821 3147 3048 3210 Calvus

856 3242 1041 3318 vixit,
1065 3256 1135 3305 ut
1157 3244 1681 3327 Epigrammatum
1708 3243 1871 3307 illius
1892 3247 1974 3307 LI
2007 3256 2072 3307 et
2085 3244 2251 3307 XCV
2267 3257 2593 3306 testantur.
2629 3242 3042 3306 Liberi-imum

854 3337 999 3400 vitae
1024 3358 1220 3418 genus
1244 3343 1575 3423 amplexus,
1606 3343 1773 3403 ultra
1798 3354 2187 3421 quaesturam,
2221 3334 2402 3421 quam
2429 3337 2681 3421 Pighius
2711 3342 2778 3403 in
2814 3361 3044 3405 annum

861 3433 981 3499 697
1001 3432 1202 3519 ponit,
1225 3455 1348 3497 non
1377 3454 1733 3516 progressus
1759 3449 1877 3512 est,
1900 3438 2007 3505 sed
2036 3456 2173 3498 cum
2203 3436 2481 3499 omnibus
2498 3436 2891 3500 familiariter
2916 3458 3049 3501 ver·

853 3546 1045 3611 satus,
1097 3536 1202 3617 qui
1249 3554 1323 3597 eo
1372 3545 1653 3616 tempore
1701 3536 1903 3615 gratia
1950 3547 2014 3597 et
2058 3532 2358 3614 dignitate
2404 3535 2795 3618 proestabant,
2848 3537 3051 3599 causis

859 3629 1156 3709 dicendis,
1187 3632 1483 3716 malisque
1505 3632 1743 3717 judicio
1770 3635 2147 3699 insectandis
2174 3635 2385 3721 populi
2423 3636 2697 3699 savorem
2737 3649 3046 3700 assecutus

861 3730 1033 3790 credi
1056 3746 1276 3811 potest.
1323 3735 1454 3797 Nee
1482 3731 1891 3817 potentissimi
1922 3735 2213 3818 cujusque
2242 3748 2432 3810 metu,
2463 3745 2532 3795 ut
2558 3734 2920 3797 salsissimas
2948 3756 3043 3798 re·

859 3824 1290 3906 prehensiones
1314 3843 1571 3907 taceret,
1594 3831 1967 3893 commoveri
1984 3832 2204 3911 potuit,
2228 3851 2356 3894 non
2377 3831 2578 3892 minus
2597 3831 2793 3897 libere
2816 3833 3037 3916 audax,

858 3920 1015 3985 licet
1043 3923 1162 3986 alio
1186 3927 1387 3999 modo,
1418 3949 1600 4009 quam
1628 3929 1714 3989 M.
1738 3925 1925 4002 Cat03
1957 3941 2025 3988 ut
2051 3940 2113 3989 et
2134 3927 2251 3990 Cn.
2278 3926 2631 4010 Pompeium
2658 3941 2722 3992 et
2740 3927 2816 3994 C.
2846 3929 3042 3994 Caesa·

860 4043 996 4086 rem
1022 4025 1492 4089 mordacissimis
1510 4026 1789 4091 versibus
1811 4026 2261 4111 proscinderet,
2289 4040 2352 4089 et
2372 4029 2576 4111 palam
2604 4027 3038 4104 insectaretur,

864 4140 1013 4199 quos
1031 4123 1154 4185 illis
1178 4135 1467 4208 acceptos
1487 4125 1695 4189 sciret.
1727 4122 1953 4188 caesari
1968 4136 2179 4198 tamen
2195 4125 2261 4188 in
2283 4125 2590 4189 dictatura
2607 4128 3046 4190 reconciliatus

863 4229 980 4293 est,
1011 4216 1139 4300 ipso
1168 4217 1470 4283 dicttaore
1496 4221 1696 4303 primo
1724 4222 2053 4294 invitante,
2088 4233 2153 4282 ut
2177 4222 2501 4287 Suetonius
2539 4221 2762 4285 scribit
2799 4224 2867 4286 in
2892 4224 3039 4288 Vita
