3367 5417
780 560 939 606 mus.
960 539 1132 622 Quin
1163 538 1353 602 etiam
1385 535 1757 600 invidiosius
1796 536 1996 620 ipsum
2036 533 2397 619 Scipionem
2435 534 2653 598 taetius
2674 530 2995 615 adjuvisse

781 642 1100 705 serebatur
1122 661 1237 705 one
1273 638 1626 714 hominum,
1659 636 1797 702 Cic.
1832 638 2111 722 Philipp.
2145 641 2207 700 Π
2228 686 2245 714 ,
2289 638 2394 708 14,
2427 649 2493 699 et
2529 638 2852 700 Plutarch.
2889 642 2994 700 An

781 738 917 802 seni
944 737 1030 801 sit
1048 745 1188 819 ger.
1224 738 1497 821 respubl.
1529 738 1567 819 S
1596 737 1674 798 27
1699 784 1716 812 ‚
1750 757 1816 817 p.
1854 739 2009 813 797,
2038 738 2128 812 D3
2164 735 2494 817 Proeceptt.
2541 736 2663 816 pol.
2711 737 2748 817 §
2782 737 2887 809 11,
2919 756 2990 820 p.

783 837 931 913 806,
964 841 1045 916 Ας
1075 856 1194 900 nec
1224 848 1436 898 tamen
1462 835 1529 896 id
1553 832 1850 897 amicitiae
1877 853 2094 898 eorum
2123 832 2360 897 dicitur
2381 832 2679 897 offecisse.
2713 836 2847 896 Nec
2865 832 2992 895 mi-

782 934 1050 1010 nimum,
1088 948 1158 998 ut
1186 930 1315 1002 illis
1359 929 1776 1014 temporibus,
1808 930 1981 994 Laetii
2021 933 2246 1001 famam
2286 929 2602 1011 auguralis
2645 929 2994 1013 disciplinae

782 1034 1014 1120 peritia
1059 1031 1324 1115 adjuvit.
1374 1036 1534 1096 Nam
1584 1043 1697 1097 κατ’
1750 1038 1926 1115 ἐξοχὴν
1970 1035 2157 1094 bonus
2194 1055 2394 1114 augur
2438 1035 2669 1096 dicitur
2711 1033 2987 1117 Philipp.

785 1137 882 1212 11,
918 1139 1024 1210 32,
1042 1148 1123 1198 ·et
1155 1133 1337 1198 varie
1356 1135 1500 1217 ejus
1522 1136 1604 1196 de
1632 1132 1914 1214 collegiis
1945 1135 2144 1197 oratio
2183 1135 2499 1198 celebrata
2543 1133 2832 1198 laudibus
2853 1148 2986 1197 est.

787 1238 882 1298 De
908 1234 1263 1317 eloquentia
1282 1234 1503 1294 horum
1530 1230 1817 1295 virorum
1857 1233 2137 1314 quamvis
2170 1232 2349 1295 multi
2377 1247 2566 1297 testes
2592 1246 2837 1296 exstent
2853 1283 2873 1311 ‚
2902 1245 2993 1296 ta-

787 1353 932 1397 men
973 1354 1177 1416 neque
1201 1334 1551 1396 accuratius
1579 1335 1656 1395 de
1683 1333 1973 1395 laudibus
1999 1353 2248 1409 eorum,
2281 1355 2483 1416 neque
2512 1336 2814 1417 quomodo
2841 1331 2999 1398 eivi-

785 1434 904 1495 bus
926 1431 1053 1496 suis
1077 1445 1144 1494 et
1166 1431 1500 1512 aequalibus
1535 1429 1978 1514 praestiterint,
2014 1444 2451 1514 exposuerunt.
2481 1434 2729 1512 Exiguae
2762 1436 2996 1496 utrius·

788 1553 931 1615 que,
960 1552 1095 1615 quoe
1122 1544 1387 1607 exstant,
1420 1531 1701 1613 reliquiae
1726 1532 1802 1594 ad
1826 1532 2073 1615 plenam
2103 1546 2168 1593 et
2193 1531 2424 1614 justam
2450 1535 2528 1595 de
2581 1546 2846 1615 utroque
2867 1533 2996 1597 exia

785 1635 1202 1697 stimationem
1232 1653 1359 1696 non
1387 1634 1731 1696 sufficiunt.
1759 1632 2157 1697 Gravitatem
2184 1631 2495 1716 Scipioni,
2529 1631 2853 1697 lenitatem
2870 1637 2997 1697 Lae-

784 1730 873 1794 lio
896 1730 1385 1796 Cicero'tribuit
1409 1734 1506 1794 De
1543 1744 1704 1794 orat.
1752 1732 1887 1806 111,
1925 1731 1994 1806 7,
2029 1731 2112 1793 28
2133 1778 2152 1806 ,
2193 1743 2259 1793 et
2302 1730 2614 1794 consentit
2656 1735 3001 1815 Appuleius

790 1830 1052 1910 Apolog.
1097 1849 1161 1910 p.
1210 1830 1325 1892 551
1378 1831 1478 1891 ed.
1527 1828 1813 1890 Elmenh.
1849 1823 1951 1908 (p.
1999 1831 2079 1891 99
2118 1829 2217 1889 ed.
2267 1825 2481 1912 Bip.).
2517 1833 2571 1890 A
2600 1829 2998 1911 Quintiliano

789 1927 907 1987 ΧΠ
927 1971 944 2000 ,
984 1926 1092 2001 10,
1132 1926 1242 2001 10,
1270 1928 1372 1988 cui
1401 1924 1698 2009 congruit
1718 1937 1939 1986 auctor
1955 1925 2131 1986 fDial.
2158 1928 2237 1988 de
2266 1925 2622 1988 oratoribus
2658 1948 2718 1991 c.
2757 1930 2871 2007 25,
2905 1928 3000 1992 in-

788 2038 892 2087 ter
916 2024 1200 2087 horridos
1232 2037 1539 2088 vetustate
1559 2072 1576 2101 ,
1610 2028 1719 2088 sed
1747 2043 2035 2104 magnam
2057 2007 2448 2104 ingeniivim
2479 2047 2607 2109 prae
2637 2050 2701 2090 se
2730 2029 3002 2092 serentes

792 2135 1221 2198 ruminentur-3
1256 2120 1614 2204 pratitisse
1634 2123 1807 2184 inter
1831 2122 2096 2202 aequales
2122 2124 2394 2185 omnium
2414 2172 2430 2199 ,
2457 2138 2527 2186 ut
2553 2125 2878 2190 Ciceronis
2901 2129 3001 2190 De

792 2233 958 2283 orat.
978 2220 1190 2294 =1,.13‚
1237 2221 1317 2282 58
1337 2266 1354 2295 ,
1384 2218 1609 2282 Velleii
1644 2222 1706 2295 Ι,
1747 2220 1827 2280 ’17
1851 2263 1869 2290 ,
1914 2237 2249 2281 consensus
2284 2221 2586 2283 declarat.
2640 2223 2876 2286 latinae
2908 2225 3000 2286 di-

795 2317 1028 2383 ctionis
1046 2320 1116 2382 in
1144 2332 1408 2401 utroque
1437 2320 1825 2382 laudem-alio
1845 2321 1983 2380 loco
2013 2320 2322 2400 persecuti
2347 2342 2579 2384 sumus.

883 2420 1214 2484 Actionem
1234 2422 1557 2502 utriusque
1573 2422 1758 2504 paulo
1789 2420 2190 2484 intentiorem
2209 2469 2225 2496 ,
2250 2424 2360 2483 sed
2389 2444 2516 2486 non
2537 2424 2672 2486 sine
2694 2424 3003 2488 intermis-

794 2518 970 2582 sione
1007 2520 1236 2582 virium
1273 2521 1699 2582 vehementem
1719 2566 1737 2594 ,
1772 2530 1842 2578 ut
1876 2518 2124 2595 Galboe,
2153 2519 2385 2583 Cicero
2410 2522 2688 2603 prodidit
2716 2524 2809 2584 De
2835 2537 2998 2587 orat.

796 2619 826 2679 1
849 2662 868 2692 ‚
896 2619 1000 2683 59.
1033 2619 1117 2683 At
1144 2620 1306 2682 idem
1330 2617 1399 2680 in
1422 2621 1615 2680 Bruto
1642 2618 1693 2679 l.
1735 2637 1796 2679 c.
1830 2615 2081 2679 dicendi
2115 2616 2182 2679 in
2211 2617 2398 2681 Laelio
2434 2616 2834 2682 illustriorem
2869 2623 2997 2702 glo-

794 2720 956 2783 riam
978 2722 1285 2784 exstitisse
1305 2720 1686 2803 pronunciat
1706 2763 1723 2795 ,
1758 2731 2110 2799 quanquam
2145 2719 2532 2783 horridiores
2560 2719 2716 2802 ejuS,
2746 2740 2881 2804 qnae
2918 2743 3004 2785 esu

794 2834 936 2882 sent
975 2824 1175 2884 adbuc
1193 2869 1214 2896 ,
1253 2824 1569 2885 orationes
1593 2807 1791 2901 magis
1834 2820 2267 2902 antiquitatem
2310 2823 2594 2885 redolere
2629 2822 3005 2887 videbantur

797 2935 983 2997 quam
1007 2917 1336 3001 Scipionis.

888 3014 990 3075 18.
1037 3015 1248 3095 Neque
1270 3026 1487 3082 tamen,
1517 3011 1768 3075 illarum
1787 3012 2179 3094 frequentem
2209 3012 2587 3074 mentionem
2619 3015 2998 3096 reperimus3

797 3129 901 3174 res
923 3113 1064 3192 quia
1095 3113 1498 3177 obsoletiores
1528 3112 1808 3183 suerunt,
1842 3113 1943 3173 vel
1973 3112 2137 3193 quod
2171 3110 2461 3173 clarioris
2484 3110 2608 3174 viri
2638 3109 2799 3175 fama
2837 3135 3000 3176 ama·

797 3223 965 3273 tores
986 3209 1520 3296 descriptoresque
1541 3209 1740 3290 magis
1772 3213 1839 3272 in
1867 3211 1987 3273 hoc
2015 3209 2238 3272 tenuit.
2266 3210 2623 3274 permansit
2644 3225 2852 3276 tamen
2875 3234 3000 3276 me·
3038 3198 3062 3218 ⁶

797 3309 1000 3373 moria
1016 3311 1170 3374 satis
1200 3309 1308 3373 diu
1322 3338 1340 3388 3
1384 3307 1613 3392 quippe
1651 3312 1814 3393 apud
1842 3312 2091 3372 Festum
2121 3308 2461 3392 reperitur,
2490 3314 2596 3374 sed
2634 3333 2709 3375 ex
2751 3315 3000 3391 Verrio,

799 3413 871 3470 ut'
888 3410 1156 3485 videtur,
1189 3405 1509 3472 Macrobio
1544 3409 1600 3483 I,
1634 3406 1695 3481 6,
1743 3428 1809 3490 p.
1836 3407 1960 3470 222
1982 3410 2084 3470 ed.
2131 3407 2264 3490 Bip.
2294 3407 2709 3488 fragmentum
2735 3411 2911 3473 hausit
2931 3413 3007 3473 de

798 3505 1084 3591 augurali
1116 3509 1464 3591 disciplina,
1491 3510 1928 3592 depromptum
1963 3509 2097 3571 sine
2135 3505 2325 3570 dubio
2354 3527 2431 3571 ex
2458 3511 2742 3573 oratione
2772 3512 2849 3570 de
2879 3511 3005 3571 col-

801 3610 1002 3690 legiis.
1018 3654 1032 3669 .
1049 3654 1061 3666 .
1130 3645 1141 3654 ·
1288 3623 1299 3630 ‘
1923 3639 1928 3646 ·

884 3705 1169 3768 Africani
1187 3701 1539 3767 orationum
1561 3705 1762 3786 ⁸longe
1789 3704 2176 3786 frequentior
2194 3704 2516 3766 memoria.
2551 3699 2658 3792 [V.
2686 3703 2767 3767 fr.
2788 3723 2855 3788 p.
2883 3704 2995 3766 101

798 3801 1031 3896 squ...
1074 3807 1258 3889 Apud
1291 3805 1670 3868 Frontonem
1720 3824 1862 3865 cum
1905 3806 2113 3886 aliqua
2162 3801 2472 3886 Scipionis
2493 3799 2750 3869 mentio
2790 3804 2874 3868 sit
2912 3802 3000 3888 (v.

798 3908 955 3988 Epp.
998 3905 1077 3966 ad
1105 3905 1189 3965 Μ.
1224 3904 1375 3964 Caes.
1412 3905 1473 3975 1,
1518 3903 1581 3977 6,
1619 3920 1684 3982 p.
1711 3901 1790 3962 15
1830 3904 1929 3962 ed.
1963 3904 2143 3964 Rom.
2169 3902 2216 3988 ),
2246 3902 2526 3982 quamvis
2557 3921 2634 3964 ex
2663 3923 2739 3965 eo
2774 3902 3006 3965 diserte

800 4005 1102 4068 uibratur
1130 3999 1318 4076 nihil,
1354 4014 1562 4063 tamen
1590 4018 1721 4061 non
1754 3998 2092 4062 exolevisse
2129 4018 2204 4061 ea
2255 4013 2436 4064 aetate
2468 4002 2604 4084 ejus
2644 4003 3008 4064 memoriam

802 4102 1133 4183 intelligas.
1170 4093 1537 4189 [Addendus
1554 4100 1730 4161 locus
1750 4097 1934 4174 alter,
1957 4095 2234 4172 ibid.'11,
2266 4098 2370 4178 13,
2402 4121 2468 4183 p.
2499 4103 2577 4164 58
2599 4143 2616 4172 ‚
2665 4101 2776 4162 ubi
2797 4100 3009 4163 Caesar

802 4198 935 4281 ipae
965 4221 982 4259 ε
1012 4225 1040 4256 α
1068 4199 1215 4262 Feci
1234 4212 1449 4262 tamen
1488 4196 1661 4268 mihi,
1693 4195 1919 4277 inquit,
1962 4193 2077 4277 per
2117 4197 2230 4257 hos
2258 4196 2390 4258 dies
2412 4208 2673 4279 exet-pta
2705 4217 2790 4259 ex
2827 4194 3012 4261 libris
3075 4251 3082 4258 .
