3367 5417
1411 400 1501 472 63

364 535 688 625 probabile
717 539 1052 604 videretur.
1079 541 1259 624 Quod
1284 560 1483 622 genus
1506 553 1802 624 tanquam
1851 538 2207 620 scriptionis
2234 537 2558 599 materiem

365 660 494 724 proe
527 640 674 721 ipue
724 640 936 703 laudat
973 639 1400 725 Quintilianus
1433 642 1514 716 X,
1545 643 1607 715 5,
1658 642 1724 702 17
1777 660 1912 722 sqq.
1936 641 2253 721 Quantum
2281 639 2559 700 rhetores

366 743 693 819 Augustam
714 739 937 813 tentis,
966 760 1045 804 ne
1079 739 1418 803 sanissimis
1443 740 1716 820 quidem,
1737 750 1808 799 ut
1832 739 2127 812 Latrone,
2160 736 2452 818 exceptis,
2480 735 2559 797 ab

362 843 487 904 hac
511 841 654 903 veri
682 841 1089 903 similitudine
1108 841 1294 920 vulgo
1322 841 1719 914 recesserint,
1751 836 2107 902 testimonio
2134 849 2278 900 sunt
2316 837 2564 899 Senem

366 940 833 1013 conuoversiae,
873 942 976 1003 vel
1001 942 1272 1023 pueriles
1300 941 1441 1014 illae,
1488 942 1589 1004 vel
1632 951 2025 1023 portentosae.
2064 941 2197 1000 Hoc
2240 936 2466 999 diserte
2503 949 2568 998 et

368 1058 511 1101 cum
538 1050 764 1103 ornatu
789 1037 1179 1120 persequitur
1205 1039 1460 1101 Sueton.
1506 1039 1600 1100 De
1624 1037 1781 1099 clar.
1817 1038 2013 1097 rhett.
2064 1037 2106 1097 l.
2155 1056 2213 1097 c.
2262 1036 2569 1096 Praeterea

370 1154 504 1200 mos
540 1136 761 1199 Graeca
790 1135 1100 1208 vertendi,
1133 1147 1427 1217 tanquam
1469 1135 1683 1198 Crassi
1717 1146 1783 1196 et
1828 1131 2157 1197 OEeeronis
2180 1130 2572 1210 Quintiliano

370 1236 838 1300 commendatur
858 1235 938 1309 X,
974 1237 1039 1309 5,
1063 1236 1171 1311 203
1204 1255 1555 1316 quanquam
1581 1236 1745 1317 apud
1773 1235 1977 1316 ipsum
1995 1234 2361 1296 Ciceronem
2388 1232 2573 1312 hujus

376 1335 476 1398 rei
497 1335 837 1397 auctoritas
863 1351 989 1396 non
1020 1347 1243 1398 exstat.
1274 1336 1396 1399 Sed
1416 1336 1706 1398 fecerunt
1736 1335 1963 1397 Brutus
1983 1348 2049 1396 et
2070 1332 2138 1396 in
2174 1330 2395 1416 primis
2416 1335 2572 1394 Mes·

371 1433 528 1506 sala,
564 1448 629 1496 et
654 1446 951 1513 tanquan
969 1434 1261 1495 usitatum
1278 1436 1452 1515 ponit
1476 1434 1810 1497 Suetonius
1849 1434 1894 1495 l.
1930 1456 1988 1495 c.
2026 1433 2266 1494 Deinde
2316 1433 2418 1494 vel
2473 1449 2573 1493 re-

383 1532 781 1595 scribebatur
808 1532 1010 1594 causis
1033 1529 1225 1606 veris,
1272 1533 1374 1593 vel
1414 1534 1575 1611 quod
1620 1534 1847 1593 Brutus
1889 1533 1957 1593 in
1984 1531 2323 1593 Miloniana
2363 1530 2581 1593 fecisse

382 1633 652 1695 traditur
682 1630 981 1715 aQuintil
1000 1630 1084 1702 X,
1119 1633 1180 1707 5,
1215 1630 1321 1703 20,
1351 1632 1627 1693 eamdem
1656 1632 1982 1693 materiam
2013 1630 2094 1691 ab
2114 1641 2377 1709 utraque
2402 1642 2585 1713 parte

385 1728 671 1806 aggressi
689 1725 1138 1810 inpugnabant
1162 1725 1264 1787 vel
1284 1723 1729 1800 defendebant3
1757 1727 1856 1788 vel
1885 1724 2072 1788 etiam
2098 1726 2166 1787 in
2205 1724 2408 1789 causis
2433 1726 2590 1787 actis

385 1827 821 1893 elaborabant.
858 1827 1021 1907 quod
1044 1826 1240 1888 nobili
1251 1827 1643 1889 aemulatione
1671 1825 1836 1890 idem
1866 1829 2097 1888 Brutus
2113 1839 2179 1888 et
2202 1827 2288 1889 M.
2316 1824 2592 1890 Calidius

386 1925 697 1988 fecerunt.
740 1925 815 1985 V.
856 1923 1124 2005 Quintil.
1169 1921 1249 1998 X,
1292 1924 1348 1997 1,
1381 1922 1485 1984 23.
1529 1924 1740 2003 Neque
1776 1943 1952 1985 secus
1980 1923 2238 1984 Messala
2268 1936 2332 1984 et
2370 1915 2587 1983 Polli'o.

397 2027 617 2105 Neque
639 2023 989 2098 defuerunt,
1024 2022 1131 2104 qui
1154 2025 1437 2086 carmina
1459 2024 1658 2085 soluta
1682 2026 1966 2087 oratione
1993 2020 2441 2106 exprimerent,
2474 2041 2596 2104 quo

386 2141 622 2205 genere
642 2123 781 2187 Ser.
810 2120 1123 2205 Sulpici-s
1150 2141 1291 2185 usus
1319 2124 1591 2186 refertur
1618 2123 1701 2199 X,
1741 2127 1803 2194 5,
1833 2125 1897 2185 4.
1919 2124 2339 2187 Recitationes
2363 2137 2590 2200 autem,

388 2225 684 2289 oratos-im
710 2235 981 2301 ὑποδείξας,
1011 2237 1082 2285 ut
1104 2226 1348 2289 Graecis
1370 2224 1817 2301 vetustissimae,
1851 2227 1941 2288 sic
1969 2223 2268 2288 Romanis
2299 2243 2424 2287 non
2453 2239 2598 2288 ante

391 2325 766 2402 Augusteum
795 2335 1038 2384 aetatem
1094 2321 1357 2401 cognita·
1388 2321 1670 2390 fuerumt
1707 2334 1774 2384 et
1817 2322 1896 2384 ab
1933 2320 2154 2385 Asinio
2190 2323 2468 2386 Pollione
2496 2323 2590 2385 in·

392 2421 591 2483 ductae
617 2419 687 2480 in
707 2438 919 2494 usum3
952 2440 1018 2481 v.
1054 2418 1222 2500 Lips.
1256 2419 1452 2501 Epist.
1486 2421 1696 2481 select.
1741 2433 1989 2481 centur.
2021 2421 2110 2481 XI
2138 2422 2216 2481 ad
2237 2421 2457 2500 Belgas
2482 2441 2583 2503 ep.
2677 2475 2682 2480 .

391 2515 500 2591 48,
546 2516 711 2580 unde
740 2535 875 2590 sua,
906 2514 1189 2596 quamvis
1214 2512 1555 2578 diffiteatur
1579 2562 1596 2591 ‚
1644 2514 1907 2577 Wofflus
1937 2516 2271 2599 desumpsit
2297 2514 2363 2578 in
2414 2517 2587 2600 prael'.

396 2612 479 2676 ad
506 2611 937 2675 Mareellinam
955 2633 1020 2692 p.
1056 2610 1211 2673 XIX
1231 2632 1466 2692 sqq.--
1482 2610 1677 2676 Varia
1703 2624 2020 2674 oratorum
2050 2611 2317 2675 artificia
2345 2633 2486 2676 sero
2500 2617 2596 2678 de·

396 2729 567 2776 mum
598 2710 851 2790 cognita
872 2738 895 2789 ;
913 2730 1039 2772 non
1060 2726 1207 2774 ante
1222 2711 1623 2776 Hortensium
1643 2714 1961 2795 quisquam
1985 2715 2323 2796 partitione
2339 2729 2448 2777 aut
2469 2716 2594 2779 col-

400 2809 777 2874 lectionibus
794 2830 939 2873 usus
957 2823 1050 2874 est
1066 2811 1229 2890 (Cic.
1254 2814 1432 2875 Brut.
1461 2833 1520 2876 c.
1549 2814 1654 2899 88)
1675 2834 1691 2887 3
1723 2814 1789 2874 in
1810 2812 2030 2896 primis
2045 2828 2250 2878 autem
2276 2837 2599 2881 numerose

395 2924 467 2973 et
489 2924 634 2993 apte
666 2913 959 2973 cadentes
985 2911 1318 2974 verborum
1349 2912 1931 2996 comprehensiones
1957 2916 2076 2978 hac
2104 2927 2288 2978 aetate
2319 2918 2597 2981 invalue-

392 3009 701 3093 mune
718 3024 881 3075 orat.
918 3014 1043 3074 111.
1081 3013 1159 3076 33
1182 3026 1247 3075 et
1274 3016 1387 3091 51)
1414 3035 1763 3097 quanquam
1795 3017 1927 3079 sere
1955 3019 2407 3080 numerosiores
2433 3033 2600 3082 vete·

374 3139 377 3144 ·
400 3127 511 3172 res
526 3109 923 3191 Quintiliano
937 3121 1003 3171 et
1023 3110 1229 3174 Gellio
1248 3111 1561 3184 videntur,
1585 3133 1766 3194 quam
1789 3112 2107 3176 Ciceroni.
2138 3115 2450 3176 Praeterea
2465 3116 2600 3177 dili·

399 3216 625 3283 genter
639 3225 761 3268 vox
780 3217 848 3269 et
865 3218 1070 3286 gestus
1092 3205 1437 3282 colebatur,
1460 3210 1536 3272 de
1553 3209 1776 3291 quibus
1794 3211 2024 3273 multus
2037 3224 2132 3273 est
2144 3230 2284 3272 cum
2300 3209 2605 3274 Cicerone

400 3299 847 3384 Quintilianus.
876 3306 954 3366 V.
975 3306 1053 3368 de
1069 3324 1337 3387 φωνασκῦ»
1352 3325 1609 3371 numere
1636 3307 1861 3372 Ponet.
1896 3308 2056 3372 Hist.
2075 3305 2195 3370 sori
2209 3310 2391 3372 Rom.
2423 3308 2474 3382 1,
2498 3309 2598 3368 ιι.

492 3400 600 3465 49.
645 3402 749 3466 Sic
785 3403 1076 3467 instructi
1108 3408 1534 3470 adolescentes
1569 3409 1854 3488 ingenuae
1881 3409 2108 3473 indolis
2154 3411 2232 3471 ad
2263 3427 2474 3472 causas
2502 3425 2605 3487 ge-

400 3501 641 3565 rendas
649 3513 894 3564 mature
912 3505 1180 3584 quidem,
1211 3507 1321 3568 sed
1339 3525 1465 3569 nou
1480 3507 1776 3588 imparati
1799 3521 2145 3586 venerunt3
2174 3509 2265 3570 sic
2295 3510 2371 3570 de
2387 3508 2602 3585 Coelie,

400 3597 629 3675 Calvo,
659 3598 961 3673 Pollione,
995 3600 1191 3664 Bruto
1213 3601 1587 3680 accepimus,
1606 3622 1812 3682 neque
1833 3603 1966 3685 ipse
1991 3602 2219 3667 Cicero
2243 3621 2414 3667 anne
2441 3607 2610 3687 vige-

403 3699 559 3763 simo
586 3711 763 3763 sexto
780 3699 849 3763 in
862 3698 1078 3776 selem,
1096 3720 1279 3783 quem
1296 3700 1471 3770 dicit,
1493 3713 1559 3762 et
1578 3702 1902 3785 puluerem
1919 3703 2174 3788 prodire
2194 3705 2432 3770 veritus
2447 3706 2604 3770 esst.
2707 3743 2712 3751 ι

410 3796 535 3860 Sed
571 3798 837 3880 pasin·
872 3794 1123 3879 publico
1170 3791 1441 3859 invaluit
1465 3810 1537 3860 ut
1562 3802 1994 3865 accusationes
2017 3802 2378 3885 plerumque
2410 3807 2612 3868 adole·

476 4045 501 4076 ’l
541 4041 630 4096 Illi
664 4057 857 4109 autem,
896 4064 1029 4116 quos
1071 4062 1192 4102 ante
1247 4049 1498 4116 diximus,
1537 4052 1857 4106 fulminibus
1891 4055 2192 4119 Ciceronis,
2237 4056 2521 4127 quominus
2557 4058 2611 4112 in

404 4125 1164 4282 mffllopergnelgssorarent,
1195 4130 1448 4186 deterreri
1474 4153 1590 4186 sese
1620 4136 1763 4206 passi
1797 4155 1904 4188 non
1937 4149 2081 4200 sunt,
2114 4148 2174 4191 ut
2199 4137 2421 4208 pulchre
2447 4139 2612 4193 Colu-

414 4227 466 4265 m
623 4245 642 4273 ‚
667 4229 725 4281 p.
951 4243 965 4261 .
