3367 5417
1801 460 1930 532 142

609 585 700 659 39
754 596 971 661 domus
1027 597 1581 664 absconderentur.
1645 601 1735 663 Ex
1804 602 2170 683 fragmentis
2223 603 2545 684 utriusque
2604 598 2915 664 orationis
2936 643 2959 671 ,

753 718 888 779 quae
941 696 1143 761 simile
1223 699 1556 764 continent
1605 715 2035 781 argumentum
2065 749 2083 780 ,
2149 700 2357 785 aliqua
2426 701 2794 766 movebatur
2856 723 2961 763 su-

752 794 973 878 spicio,
1005 797 1220 860 ambas
1270 796 1717 882 inscriptiones
1759 822 1947 864 unam
1991 812 2231 863 tantum
2262 802 2611 864 orationem
2656 801 2960 862 eumdem-

752 918 871 980 que
891 898 1448 965 circumscribere:
1484 903 1747 964 alteram
1775 904 1941 965 enim
1969 903 2263 967 universe
2285 923 2444 975 rem,
2473 903 2551 965 de
2580 920 2699 983 qua
2726 897 2961 978 agitur,

755 995 1146 1078 significares
1179 1000 1284 1062 De
1302 1002 1523 1079 proeda
1550 1001 1848 1063 militibus
1899 1003 2222 1063 dividunda
2255 1028 2278 1061 .-
2306 1002 2376 1064 in
2412 1003 2613 1064 altera
2655 1013 2863 1061 autem
2892 999 2966 1060 fi-

754 1115 897 1157 nem
940 1094 1245 1159 orationis
1273 1096 1525 1159 notari:
1555 1103 1645 1158 uu·
1670 1100 1891 1177 proeda
1928 1104 1994 1158 in
2027 1099 2340 1178 publicum
2390 1098 2722 1178 reseratur.
2762 1100 2964 1176 Atque

750 1193 1193 1274 grammaticos
1231 1195 1408 1259 vario
1452 1198 1632 1260 modo
1681 1216 1843 1280 saepe
1881 1195 2199 1262 orationes
2242 1193 2500 1259 Catonis
2526 1196 2788 1269 afferre,
2850 1213 2958 1256 no·

754 1303 889 1352 tum
916 1303 1033 1354 est.

833 1387 1143 1453 Priscian.
1193 1392 1334 1464 Vll,
1383 1392 1484 1464 19,
1519 1411 1584 1473 p.
1619 1393 1742 1455 355
1765 1413 1781 1452 ε
1807 1390 1964 1455 Cato
1995 1392 2312 1456 censorius
2340 1392 2409 1453 in
2436 1390 2748 1469 oratioue,
2779 1408 2963 1469 quam

749 1492 1027 1574 scripsit,
1064 1488 1156 1552 uti
1185 1493 1391 1574 praeda
1434 1490 1501 1554 in
1533 1490 1853 1575 publicum
1882 1494 2191 1556 reseratur
2218 1520 2236 1554 ε
2276 1495 2485 1553 Miror
2510 1493 2762 1564 audere,
2791 1505 2969 1574 atque

753 1587 1116 1668 religionem
1132 1609 1252 1650 non
1271 1604 1501 1659 tenere,
1531 1604 1760 1650 statuas
1788 1592 2064 1661 deorum,
2082 1590 2377 1668 exempla
2398 1609 2613 1648 eorum
2622 1588 2962 1667 ficiet-um,

758 1691 935 1767 signa
957 1690 1129 1749 domi
1147 1710 1268 1765 pro
1299 1690 1667 1769 supellectile
1687 1705 1971 1752 statuere.

824 1823 1116 1897 religionem
1141 1845 1242 1879 non
1266 1833 1476 1894 tenere]
1523 1841 1828 1899 expectares
1867 1827 2110 1901 religione
2153 1847 2251 1879 non
2284 1825 2468 1879 teneri.
2498 1825 2769 1878 Weberus
2800 1843 2856 1895 p.
2898 1826 2963 1875 32

899 1908 1129 1980 explicat
1159 1914 1342 1976 [recte]
1362 1908 1657 1982 religionem
1683 1929 1781 1964 non
1805 1909 2032 1963 retinere
2058 1929 2163 1963 eos.

827 2050 1004 2083 earum
1026 2030 1324 2101 sace'erum]
1368 2055 1393 2082 α
1417 2051 1524 2087 non
1549 2052 1745 2094 eorum,
1787 2033 1931 2088 videl
1969 2034 2229 2115 deorum?
2256 2055 2282 2082 n
2313 2033 2585 2088 Weberus.
2628 2034 2769 2097 [Duo
2808 2031 2967 2084 codd.

901 2121 1096 2174 Parias.
1131 2120 1338 2173 liar-um.
1359 2122 1506 2174 For-t.
1531 2140 1796 2174 sacrarum
1797 2121 1944 2189 sac„
1972 2141 2038 2175 ex
2053 2120 2365 2193 compendio
2387 2139 2495 2191 quo
2514 2118 2623 2173 haec
2643 2138 2743 2172 vox
2769 2119 2970 2171 exarari

909 2202 1064 2256 solet.
1085 2208 1106 2269 ]

1095 2429 1200 2491 28.
1251 2448 1477 2491 omno
1521 2450 1600 2491 nn
1644 2451 1854 2492 ruam
1895 2451 2229 2494 munaus·
2259 2450 2624 2493 mvmunm.

842 2634 931 2706 E'x
966 2654 1333 2722 argumento
1363 2642 1780 2724 praecedentis
1817 2644 2123 2710 orationis
2154 2665 2461 2728 apparere
2476 2641 2761 2719 ·videtur‚
2818 2643 2979 2705 hane

759 2745 1038 2805 eamdem
1067 2763 1206 2807 cum
1236 2742 1344 2808 ina
1386 2763 1521 2807 esse
1548 2747 1918 2808 orationem.
1952 2747 2075 2810 Sed
2112 2747 2180 2808 in
2221 2744 2294 2808 re
2322 2759 2450 2809 tam
2485 2742 2776 2824 ambigua
2804 2744 2971 2826 optio

759 2841 843 2903 sit
872 2838 1097 2922 cuique
1129 2842 1352 2906 libera.

840 2939 1085 3006 Gellius
1110 2944 1220 3021 xl,
1260 2944 1335 3008 18
1353 2963 1373 3004 ε
1405 2946 1494 3005 Μ.
1529 2943 1688 3007 Cato
1710 2946 1778 3007 in
1807 2941 2094 3007 oratione
2127 2944 2235 3006 De
2259 2945 2481 3023 proeda
2509 2943 2799 3004 militibus
2823 2944 2971 3005 divi-

756 3042 957 3101 dunda
992 3042 1469 3107 vehementibus
1502 3055 1566 3106 et
1603 3044 1950 3107 illustribus
1985 3044 2198 3107 verbis
2242 3046 2320 3106 de
2369 3045 2742 3128 impunitate
2792 3062 2973 3125 pecu·

755 3143 917 3205 latus
956 3155 1140 3225 atque
1167 3142 1424 3209 licentia
1453 3146 1903 3228 conqueriturt
1940 3146 2159 3216 Fures,
2188 3144 2418 3227 inquit,
2444 3144 2971 3223 privator-amfur-

755 3254 953 3301 torum
981 3247 1048 3301 in
1067 3263 1251 3307 nervo
1279 3258 1457 3330 atque
1496 3249 1563 3303 in
1590 3242 1987 3321 compedibus
2015 3257 2262 3304 aetatem
2302 3257 2485 3323 agunt
2508 3268 2529 3302 .-
2551 3243 2727 3320 ficres
2740 3239 2979 3318 publici

757 3341 824 3396 in
853 3359 1005 3399 auro
1025 3355 1204 3424 atque
1233 3344 1299 3399 in
1315 3362 1613 3421 purpura.

808 3474 976 3541 ficret
992 3470 1223 3544 publici]
1261 3473 1436 3546 praeda
1473 3493 1584 3528 non
1605 3476 1959 3548 imperatoris,
1979 3494 2089 3529 non
2118 3475 2351 3530 militum
2366 3489 2470 3541 est,
2507 3474 2601 3529 sed
2628 3473 2967 3548 reipublieaez

896 3560 993 3631 qui
1032 3578 1158 3634 ergo
1192 3579 1307 3614 eam
1348 3561 1407 3614 in
1432 3579 1561 3615 suos
1601 3581 1736 3616 usus
1761 3566 2041 3629 convertit,
2070 3561 2159 3616 fur
2193 3563 2446 3635 publicus
2483 3562 2751 3615 nominari
2789 3562 2971 3615 debet.

897 3646 1058 3700 Multi
1085 3659 1263 3701 autem
1291 3649 1648 3701 Romanorum
1677 3649 2019 3722 imperatores
2045 3651 2103 3703 in
2127 3668 2192 3703 ea
2212 3649 2377 3721 culpa
2404 3647 2695 3701 hoerebant.

829 3766 882 3821 in
903 3788 1056 3822 nervo
1082 3778 1244 3842 atque
1262 3769 1616 3845 compedibus]
1657 3775 1795 3828 Vide
1827 3774 1940 3829 hoec
1969 3773 2331 3829 illustrantem
2368 3773 2685 3827 salmasium
2710 3774 2790 3827 De
2818 3772 2974 3826 modo

897 3869 1179 3907 usurarum
1207 3873 1325 3927 cap.
1353 3857 1436 3910 18.
1470 3855 1691 3909 Gronov.

840 3973 1077 4036 Nonius
1114 3995 1181 4057 p.
1231 3975 1380 4054 475,
1433 3977 1508 4039 13
1546 3996 1563 4036 ε
1596 3979 1763 4049 Fite,
1795 3975 2169 4059 imperativo
2203 3980 2410 4040 modo.
2452 3978 2611 4042 Cato
2646 3979 2727 4040 de
2763 3978 2969 4060 prada

757 4067 1024 4133 militum
1046 4073 1384 4136 dividunda
1408 4095 1425 4133 ε
1464 4074 1557 4134 Tu
1584 4074 1904 4154 divesfite.

830 4209 1050 4261 nu’lilun·
1071 4209 1385 4280 dividunda]
1422 4213 1692 4285 genitivus
1715 4233 1825 4267 non
1850 4214 2101 4267 convenit
2126 4234 2140 4266 ε
2175 4213 2391 4268 verbum
2433 4212 2671 4266 dativum
2710 4211 2948 4285 postulat

901 4292 1070 4345 Aliter
1090 4297 1250 4358 enim,
1282 4296 1328 4348 si
1344 4295 1578 4350 dativum
1601 4316 1714 4353 non
1736 4296 2137 4363 nddesjsensus
2163 4298 2221 4352 iu
2244 4297 2423 4352 verbis
2442 4316 2553 4350 non
2580 4297 2740 4350 inest.
