3367 5417
591 795 727 871 214

1823 445 1962 516 332

873 583 908 643 6
939 596 1007 645 et
1034 584 1094 644 7.
1145 582 1364 644 Mediis
1386 583 1650 663 Augusti
1687 581 2070 665 temporibus
2100 581 2352 646 Asinius
2377 587 2541 666 apud
2569 588 2993 654 centumviros

783 684 1000 747 habuit
1025 689 1334 744 orationes
1357 704 1482 763 pro
1519 685 1867 746 haeredibus
1898 684 2195 747 Urbiniae.

869 782 1036 844 Dial.
1071 783 1148 843 de
1175 795 1369 844 oratt.
1400 803 1463 844 e.
1492 781 1606 846 38:
1635 780 1886 845 Primus
1914 783 2048 843 haee
2078 782 2265 844 tertio
2305 775 2632 847 consulatu
2657 784 2778 848 Cn.
2808 789 2985 850 Pom-

783 882 956 967 peius
979 880 1062 964 (a.
1082 885 1167 948 U.
1190 883 1336 967 701)
1363 884 1677 959 astrinxit,
1712 880 2123 967 imposuitque
2150 883 2344 946 veluti
2366 886 2580 947 frenos
2596 886 2981 968 eloquentiae,

781 989 872 1052 ita
883 996 1124 1057 tamen,
1150 995 1218 1044 ut
1239 985 1445 1044 omnia
1471 984 1538 1045 in
1561 985 1720 1059 foro,
1746 984 1957 1046 omnia
1976 980 2246 1063 legibus,
2281 987 2493 1047 omnia
2512 988 2676 1069 apud
2698 1002 2993 1068 praetores

781 1095 1176 1166 gererentur,
1198 1085 1363 1164 apud
1383 1104 1535 1165 quos
1555 1096 1790 1166 quanto
1810 1084 2046 1167 majora
2066 1085 2313 1163 negotia
2335 1084 2484 1149 olim
2502 1089 2789 1150 exerceri
2810 1088 2992 1152 solita

781 1187 931 1257 sint,
972 1184 1134 1265 quod
1157 1182 1355 1264 majus
1385 1194 1819 1261 argumentum
1847 1196 1941 1246 est
1958 1185 2143 1264 quam
2171 1184 2333 1263 quod
2362 1204 2559 1247 eausoe
2575 1188 2995 1248 centumvira-

783 1280 902 1356 les,
942 1301 1076 1363 quae
1106 1302 1278 1344 nunc
1321 1283 1592 1364 primum
1617 1282 1909 1344 obtinent
1929 1281 2157 1356 locum,
2191 1282 2343 1342 adeo
2370 1282 2700 1364 splendore
2726 1284 2994 1347 aliorum

781 1376 1160 1459 judiciorum
1191 1377 1643 1454 obruebantur,
1676 1392 1746 1439 ut
1774 1398 1976 1459 neque
2014 1375 2343 1440 *Ciceronis
2368 1400 2569 1460 neque
2596 1379 2863 1443 Caesaris
2888 1402 2995 1446 ne·

787 1497 910 1557 que
947 1477 1128 1540 Bruti
1158 1497 1359 1559 neque
1391 1474 1577 1540 Coelii
1607 1496 1810 1557 neque
1836 1476 2037 1550 Calvi,
2073 1496 2202 1539 non
2236 1476 2501 1557 denique
2549 1478 2734 1540 ullius
2781 1480 2996 1559 magni

787 1577 1059 1640 oratoris
1079 1573 1240 1637 liber
1263 1575 1423 1656 apud
1455 1575 1877 1648 centumviros
1904 1575 2109 1642 dictus
2141 1574 2384 1652 legatur
2410 1579 2690 1652 exceptis
2708 1582 2996 1637 oratioru-

788 1676 900 1736 bus
929 1678 1171 1749 Asinii,
1205 1697 1345 1760 quoe
1366 1695 1486 1758 pro
1535 1673 1853 1733 heredibus
1910 1675 1975 1734 U
1972 1673 2199 1734 rhinioe
2250 1674 2662 1734 inscribuntur
2678 1721 2701 1748 ,
2747 1676 2829 1736 ab
2859 1682 2994 1755 Ipso

788 1788 993 1834 tamen
1011 1773 1297 1834 Pollione
1316 1772 1537 1832 mediis
1554 1773 1680 1834 divi
1688 1773 1959 1851 Augusti
1986 1771 2373 1849 temporibus
2399 1770 2653 1846 babitae,
2678 1786 2998 1855 postquam

787 1876 981 1955 longa
1019 1888 1367 1958 temporum
1402 1877 1571 1955 quies
1614 1888 1679 1937 et
1719 1877 2082 1937 continuum
2140 1873 2350 1957 populi
2390 1877 2582 1938 otium
2642 1891 2709 1938 et
2746 1877 2996 1943 assidua

787 1977 1203 2057 tranquillitas
1246 1988 1313 2038 et
1348 1975 1603 2037 maximi
1646 1976 1949 2057 principis
1983 1972 2311 2056 disciplina
2353 1975 2548 2057 ipsam
2579 1996 2821 2059 quoque
2868 1982 2991 2043 elo-

789 2075 1131 2154 quentiam,
1162 2071 1324 2136 sicut
1352 2073 1475 2136 alia
1500 2075 1733 2150 omnia,
1767 2088 2104 2154 pacaverat
2121 2072 2152 2134 Ρ

856 2293 1116 2358 aliorum]
1156 2291 1260 2363 leg.
1296 2290 1517 2353 alon-um,
1555 2290 1674 2344 scil.
1701 2309 1821 2361 qua
1858 2292 1998 2363 apud
2023 2303 2284 2363 praetores
2313 2291 2533 2344 fiebant.

872 2485 1323 2565 Argumentum
1349 2486 1479 2548 litis
1509 2487 1714 2566 tangit
1742 2485 2166 2568 Quintilianus
2206 2506 2319 2562 vn,
2358 2485 2421 2559 2,
2454 2486 2583 2568 54,
2609 2488 2684 2548 52
2722 2508 2752 2539 σι
2772 2481 2868 2541 Ut
2907 2490 3004 2540 est

790 2587 1106 2668 quoesitum
1120 2600 1331 2645 contra
1353 2584 1633 2645 Urbinia:
1658 2584 1936 2656 heredes,
1967 2590 2024 2646 si
2047 2591 2125 2658 is,
2146 2591 2254 2670 qui
2270 2601 2556 2671 tanquam
2564 2585 2744 2666 filius
2756 2577 3003 2661 petebas

797 2687 978 2760 bona,
1007 2685 1272 2766 Figulus
1312 2699 1494 2758 esset,
1541 2707 1621 2743 an
1650 2686 1973 2764 Sosipater
1989 2683 2022 2742 Ρ
2057 2705 2203 2747 nam
2236 2698 2301 2748 et
2334 2685 2683 2748 substantia
2712 2682 2846 2765 ejus
2885 2676 2999 2740 sub

789 2784 1002 2847 oculos
1025 2783 1223 2845 veuit.
1239 2827 1282 2842 ..
1313 2784 1551 2846 Verum
1592 2782 1712 2845 hoc
1742 2801 1979 2864 quoque
2007 2802 2201 2862 genus
2228 2782 2355 2845 litis
2382 2803 2461 2844 ex
2488 2779 2812 2864 praeterito
2853 2796 3005 2859 pen·

791 2884 920 2957 det,
954 2875 1059 2940 An
1092 2880 1192 2939 hic
1236 2884 1318 2941 sit
1343 2901 1430 2940 ex
1466 2880 1732 2940 Urbinia
1774 2896 1952 2940 natus
1998 2879 2297 2941 Clusinius
2333 2880 2598 2960 Figulus
2618 2878 2652 2937 Ρ
2683 2906 2714 2937 ι
2745 2895 3008 2957 eamque

793 2988 1016 3040 narrat
1036 2976 1367 3060 Spalding.
1401 2979 1480 3038 ad
1527 2996 1613 3047 lv,
1674 2979 1730 3049 l,
1787 2978 1891 3037 11.
1944 2973 2178 3038 Habuit
2217 2976 2471 3040 Asinius
2496 2975 2563 3037 in
2608 2976 2731 3037 hoc
2768 2971 3007 3058 judicio

794 3077 1218 3140 adversarium
1257 3075 1625 3150 Labienum,
1655 3075 2041 3151 historicum,
2077 3096 2256 3158 quem
2285 3076 2511 3138 irridet
2536 3089 2604 3137 et
2624 3072 2799 3136 inter
2828 3090 3008 3150 argu·

788 3187 1000 3238 menta
1025 3174 1203 3236 malie
1244 3193 1440 3236 eausae
1467 3174 1664 3256 ponit,
1698 3187 1769 3235 ut
1802 3194 1879 3237 ex
1920 3172 2309 3256 Quintiliano
2355 3170 2649 3236 discimus
2673 3192 2767 3245 tv,
2800 3172 2859 3243 1,
2896 3170 3001 3230 11.

791 3274 1183 3357 Quamquam
1219 3285 1426 3337 autem
1455 3293 1583 3335 non
1617 3273 1785 3336 idem
1827 3275 1881 3335 is
1925 3287 2020 3336 est
2056 3273 2383 3348 Labienus,
2418 3273 2524 3354 qui
2552 3293 2591 3334 a
2631 3272 2880 3334 Caesare
2923 3270 3007 3332 ad

793 3375 1154 3456 Pompeium
1197 3373 1642 3452 transfugerat,
1673 3392 1756 3442 ex
1783 3374 2001 3436 eadem
2029 3385 2209 3435 certe
2239 3372 2474 3448 familia
2499 3370 2641 3445 suit,
2698 3391 2779 3435 ac
2824 3374 3008 3434 Pom·

789 3474 1026 3553 peianoe
1055 3467 1327 3534 studium
1373 3470 1659 3536 factionis
1686 3468 2138 3536 hereditarium
2169 3471 2394 3534 tenuit.
2428 3473 2479 3533 A
2528 3467 2643 3532 tali
2672 3470 2872 3549 igitur
2899 3487 3007 3551 pa·

789 3583 999 3648 nono,
1026 3593 1208 3654 quem
1230 3571 1310 3633 ob
1338 3572 1747 3654 Pompeianos
1770 3571 2023 3654 spiritus
2042 3571 2446 3644 caesarianus,
2473 3583 2545 3632 ut
2564 3568 2820 3635 Asinius
2840 3584 3008 3642 erat,

792 3668 992 3730 odisse
1034 3669 1332 3744 debehat,
1386 3668 1489 3729 bic
1537 3667 1854 3749 aptissime
1909 3669 2112 3751 potuit
2159 3681 2523 3745 argumenta
2567 3665 2751 3729 malae
2803 3685 3011 3729 causae

789 3778 1084 3830 mutuari.

873 3867 1310 3950 Quintihvll,
1342 3868 1406 3942 2,
1434 3867 1654 3930 262111
1680 3864 1792 3930 lite
1822 3864 2177 3933 Urbiniana
2198 3868 2428 3948 petitor
2454 3864 2628 3941 dicit,
2667 3865 3009 3928 Clusmium

787 3967 1104 4073 Figulum,
1136 3967 1349 4049 filium
1397 3967 1697 4040 Urbiniae,
1742 3970 1877 4026 acie
1903 3970 2089 4035 νίοεα,
2136 3969 2203 4024 in
2233 3987 2353 4049 qua
2400 3978 2671 4037 uenerat,
2700 3966 3006 4046 flagi-sse.-

774 4060 1196 4149 jactatumque
1225 4064 1474 4124 casibus
1500 4068 1717 4138 variiS,
1769 4076 2064 4124 retentum
2116 4067 2302 4123 etiam
2347 4085 2391 4122 a
2428 4064 2894 4142 rege,1andem
2942 4067 3003 4120 in

793 4164 1048 4224 Italiam
1074 4185 1152 4225 ac
1171 4170 1442 4244 patriam
1473 4185 1654 4224 suam
1700 4166 2034 4244 Marginos
2076 4167 2324 4226 venisse
2371 4177 2547 4248 atque
2572 4162 2663 4222 ibi
2691 4168 2999 4243 agnosci.-

791 4257 989 4324 Pollio
1020 4275 1262 4336 contra,
1294 4269 1555 4327 servisse
1582 4285 1727 4324 eum
1757 4264 2006 4325 Ptsauri
2033 4265 2301 4324 dominis
2324 4261 2578 4341 duobus,
2613 4263 3001 4326 medicinam
