3367 5417
1820 438 1949 508 126

778 574 1051 657 praetulit
1079 578 1412 649 MerceruS,
1458 596 1598 638 cum
1626 589 1691 638 et
1732 575 2055 640 Sallustius
2084 582 2207 651 υίε,
2246 567 2290 638 i.
2332 596 2390 637 c.
2432 595 2623 647 vireS,
2655 571 2990 656 pluraliter

780 673 1060 736 dixisset.
1099 675 1253 736 Vide
1282 676 1454 738 Corn.
1508 678 1584 737 ad
1614 676 1860 739 Sallust.
1896 678 2140 756 Fragm.
2177 696 2239 757 p.
2267 675 2415 740 963.
2474 674 2798 737 Assentior
2825 677 2988 738 Mer-

781 794 962 848 cero;
984 771 1239 852 languet
1258 774 1425 835 euim
1444 794 1550 834 eos
1575 775 1811 833 dolores
1829 775 1929 836 vel
1951 780 2044 835 eis
2072 774 2332 847 dolor-35,
2351 775 2513 854 quod
2535 774 2697 855 apud
2709 773 2987 838 Gellium

780 883 844 933 et
862 871 1125 933 Nonium
1148 872 1332 951 vulgo
1354 873 1602 951 legitur.
1642 873 1759 933 Vis
1779 872 2091 952 significat
2107 872 2466 935 violentiam
2489 872 2690 933 omnis
2708 869 2984 951 generis,

779 970 1210 1044 coutumelia5‚
1238 982 1307 1031 ut
1329 970 1511 1049 vulgo
1536 967 1801 1032 dicimus
1827 977 1956 1030 vim
1965 973 2220 1051 fhcere.

861 1069 1104 1154 Lipsius
1133 1091 1271 1132 cum
1300 1083 1571 1152 putaret,
1603 1072 1723 1134 hac
1766 1073 1833 1134 in
1877 1070 2161 1134 oratione
2203 1072 2279 1132 de
2324 1067 2526 1152 poenis
2565 1082 2808 1132 tantum
2837 1073 2984 1135 salso

777 1173 1267 1254 provincialibus
1306 1173 1595 1252 irrogatis
1633 1173 1936 1237 Catonem
1979 1194 2110 1235 csse
2153 1184 2461 1254 questum,
2510 1171 2754 1234 titulum
2794 1172 2860 1235 in
2907 1176 2981 1234 de

777 1274 966 1346 falsis
998 1278 1192 1352 poenis
1231 1273 1516 1347 mutavit,
1537 1275 1691 1335 Var.
1731 1276 1932 1337 Lectt.
1978 1277 2032 1349 1,
2066 1271 2167 1337 14.
2217 1272 2337 1334 Sed
2379 1272 2701 1353 spectabat
2739 1292 2865 1334 non
2906 1276 2983 1335 ad

783 1382 1212 1448 argumentum
1245 1371 1429 1432 totius
1457 1370 1783 1445 orationis»,
1819 1373 1926 1431 sed
1964 1372 2042 1431 ad
2080 1371 2494 1450 fragmentum
2522 1381 2789 1444 tantum,
2822 1373 2983 1452 quod

634 1499 725 1571 24
782 1467 962 1532 nohis
982 1467 1290 1551 reliquum
1312 1483 1440 1531 est:
1465 1490 1677 1552 porro,
1705 1470 1809 1550 qui
1833 1471 1908 1529 de
1916 1471 2115 1550 fizlsis
2137 1474 2334 1550 poenis
2361 1468 2526 1531 dicet
2547 1488 2662 1551 pro
2685 1471 2760 1529 de
2781 1476 2985 1550 poem‘s

757 1572 937 1650 fizlso
963 1577 1283 1652 irrogatis,
1302 1572 1564 1633 latinum
1587 1568 1758 1652 loqui
1781 1590 1960 1651 nego·

1106 1793 1280 1854 7·1o.
1329 1812 1553 1855 onum
1600 1812 1908 1856 snvsnsus
1953 1791 2042 1854 ι’.
2091 1812 2340 1854 scitum
2386 1813 2654 1864 Qusnu.

868 1982 1200 2046 Orationes
1228 1985 1522 2045 adversus
1557 1981 1663 2044 Μ’.
1705 1982 1972 2043 Acilium
1999 1979 2410 2046 Glabrionem
2441 2001 2603 2044 anno
2632 1982 2755 2044 564
2783 1982 2985 2043 dictas

785 2098 920 2141 esse
950 2076 1243 2160 conjicio.
1275 2082 1474 2143 Testis
1500 2095 1594 2143 est
1618 2080 1830 2142 Livius
1854 2079 2175 2153 xxxvu,
2205 2081 2278 2142 57
2306 2100 2323 2140 ε
2352 2080 2579 2143 Eodem
2612 2099 2776 2141 anno
2807 2077 2978 2163 (564)

786 2196 1114 2238 censuram
1143 2177 1319 2238 multi
1348 2189 1414 2238 et
1439 2175 1596 2261 clari
1626 2177 1749 2238 viri
1783 2177 2123 2259 petierunt,
2157 2196 2292 2258 qnae
2319 2196 2424 2238 res
2454 2190 2766 2256 tamquam
2808 2173 2875 2237 in
2916 2197 2982 2239 se

785 2292 1004 2354 parum
1032 2274 1243 2351 magni
1271 2270 1633 2335 certaminis
1663 2293 1911 2335 causam
1951 2272 2241 2348 haberet,
2291 2273 2475 2335 aliam
2520 2272 2981 2336 contentionem

783 2373 978 2435 multo
1004 2373 1303 2455 majorem
1333 2371 1654 2437 excitavit.
1687 2375 1993 2436 Petebant
2015 2376 2086 2435 T.
2114 2375 2408 2458 Quintius
2433 2373 2850 2448 Flamininus,
2900 2374 2973 2433 P.

782 2469 1109 2534 Cornelius
1132 2472 1249 2534 Cn.
1282 2473 1350 2533 F.
1380 2472 1613 2554 Scipio,
1645 2474 1714 2533 L.
1740 2472 2025 2535 Valerius
2061 2473 2342 2548 Flaccus,
2381 2474 2466 2534 M.
2505 2468 2769 2534 Por'c‘ius
2802 2471 2975 2543 Cato,

780 2569 869 2629 M.
895 2568 1185 2630 Claudius
1210 2570 1568 2646 MarcelluS,
1616 2570 1725 2631 Μ’.
1764 2571 2003 2632 Acilius
2043 2570 2330 2642 Glabrio,
2364 2566 2471 2652 qui
2503 2570 2875 2639 Antiochum
2904 2571 2981 2630 ad

780 2668 1229 2755 Thermopylas
1257 2671 1608 2752 AEtolosque
1633 2670 1974 2733 devicerat.
2008 2673 2085 2732 ln
2107 2672 2276 2733 hunc
2300 2671 2587 2743 maxime,
2609 2670 2768 2751 qnod
2787 2669 2976 2730 multa

782 2767 1097 2845 congiaria
1126 2768 1457 2843 habuerat,
1490 2767 1712 2848 quihus
1738 2787 2027 2847 magnam
2055 2780 2299 2850 partem
2326 2766 2642 2830 hominum
2670 2764 2979 2845 obligave-

779 2873 905 2935 rat,
952 2863 1129 2925 favor
1170 2865 1381 2946 populi
1428 2886 1493 2927 se
1539 2865 1906 2928 inclinabat.
1965 2866 2036 2927 ld
2083 2885 2223 2926 cum
2269 2883 2434 2944 aegre
2481 2877 2851 2947 paterentur
2894 2876 2987 2928 tot

781 2963 1042 3037 nobiles,
1085 2984 1311 3027 novum
1340 2962 1463 3026 sibi
1489 2964 1800 3028 hominem
1832 2978 2070 3026 tantum
2101 2962 2409 3047 praeserri,
2458 2965 2534 3025 P.
2581 2962 2983 3047 Sempronius

776 3061 1104 3125 Gracchus
1128 3075 1195 3125 et
1221 3062 1292 3126 C.
1323 3061 1728 3145 Sempronius
1757 3065 2003 3126 Rutilus
2032 3064 2275 3126 tribuni
2303 3060 2506 3146 plebis
2531 3064 2591 3125 ei
2619 3063 2782 3125 diem
2818 3065 2987 3125 dixe-

775 3173 957 3234 runt,
990 3161 1150 3241 quod
1176 3161 1457 3242 pecuniae
1487 3161 1676 3240 regioe
1710 3162 2052 3244 praedaeque
2079 3161 2459 3242 aliquantum
2505 3175 2696 3245 captae
2735 3161 2801 3222 in
2844 3163 2976 3222 An·

774 3255 969 3319 tiochi
1019 3256 1244 3318 castris
1286 3277 1496 3338 —neque
1546 3253 1614 3317 in
1666 3254 1980 3339 triumpho
2030 3258 2275 3319 tulisset
2328 3276 2526 3337 neque
2578 3255 2645 3319 in
2691 3252 2982 3319 aerarium

772 3351 1110 3414 retulisset.
1145 3349 1348 3413 Varia
1385 3352 1741 3416 testimonia
1780 3354 2126 3432 legatorum
2169 3355 2682 3436 tribunorumque
2718 3354 2983 3416 militum
3060 3418 3072 3437 x

772 3461 978 3511 erant.
1027 3450 1110 3519 Μ.
1140 3448 1299 3512 Cato
1341 3464 1486 3513 ante
1531 3448 1687 3515 alios
1728 3463 1919 3516 testes
1962 3451 2509 3537 conspiciebatur:
2557 3453 2735 3538 cujus
2779 3468 2985 3517 aucto·

771 3551 1023 3611 ritatem
1053 3560 1353 3631 perpetuo
1383 3560 1603 3611 tenore
1630 3547 1775 3612 vitoe
1802 3561 2045 3630 partam
2085 3562 2228 3629 toga
2270 3550 2535 3612 candida
2560 3549 2870 3614 elevabat.
2923 3550 2985 3610 Is

771 3648 978 3721 testis,
1021 3669 1158 3732 quae
1198 3668 1356 3708 vasa
1393 3668 1583 3708 aurea
1619 3662 1798 3733 atque
1825 3663 2117 3732 argentea
2144 3654 2342 3728 captis
2371 3653 2587 3710 castris
2616 3653 2775 3709 inter
2798 3648 2987 3707 aliam

764 3749 1054 3823 praedam
1105 3754 1345 3828 regiam
1395 3750 1686 3824 vidisset,
1737 3771 1813 3810 ea
1855 3771 1924 3810 se
1966 3755 2029 3810 ἰη
2075 3750 2376 3829 triumpho
2422 3750 2684 3830 negabat
2728 3751 2979 3810 vidisse.

768 3847 1088 3910 Postremo
1104 3850 1170 3910 in
1190 3850 1370 3933 hujus
1390 3851 1657 3913 maxime
1676 3852 1976 3915 invidiam
1999 3853 2295 3914 desistere
2315 3873 2381 3915 se
2398 3851 2698 3935 petitione
2710 3851 2980 3916 Glabrio

769 3946 954 4024 dixit,
980 3952 1246 4030 quando,
1265 3953 1429 4032 quod
1448 3951 1629 4014 taciti
1645 3951 2127 4031 indignarentur
2144 3952 2385 4015 nobiles
2398 3953 2701 4028 homines,
2725 3953 2792 4015 id
2812 3972 2978 4034 aeque

766 4070 961 4113 novus
983 4049 1350 4132 competitor
1374 4047 1791 4114 inaestimabili
1815 4048 2098 4134 perjurio
2119 4049 2486 4116 incesseret.

851 4146 936 4209 Μ.
968 4150 1125 4211 Cato
1159 4148 1332 4212 inter
1368 4161 1556 4214 testes
1598 4162 1892 4232 apparet,
1943 4151 2089 4231 qnia
2127 4151 2368 4231 legatus
2410 4153 2612 4215 fuerat
2654 4146 2769 4213 Μ’.
2799 4148 2980 4211 Acilii

770 4241 1131 4308 Glabrionis
1175 4247 1442 4311 consulis
1485 4267 1648 4313 anno
1694 4246 1838 4313 562.
1890 4249 1971 4311 V.
2006 4249 2143 4311 Liv.
2176 4248 2460 4322 xxxvl,
2486 4249 2586 4315 1⁶1.
2636 4247 2795 4309 Plut.
2827 4246 2971 4309 Cat.
