<?xml version="1.0" encoding="UTF-8"?>
<!DOCTYPE html PUBLIC "-//W3C//DTD XHTML 1.0 Transitional//EN"
    "http://www.w3.org/TR/xhtml1/DTD/xhtml1-transitional.dtd">
<html xmlns="http://www.w3.org/1999/xhtml" xml:lang="en" lang="en">
 <head>
  <title>
</title>
<meta http-equiv="Content-Type" content="text/html;charset=utf-8" />
  <meta name='ocr-system' content='tesseract 3.04.00' />
  <meta name='ocr-capabilities' content='ocr_page ocr_carea ocr_par ocr_line ocrx_word'/>
</head>
<body>
  <div class='ocr_page' id='page_1' title='image "./oratorumromanor00ellegoog/oratorumromanor00ellegoog_0085.png"; bbox 0 0 3367 5417; ppageno 0'>
   <div class='ocr_carea' id='block_1_1' title="bbox 1392 404 1587 488">
    <p class='ocr_par' dir='ltr' id='par_1_1' title="bbox 1392 404 1587 488">
     <span class='ocr_line' id='line_1_1' title="bbox 1392 404 1587 488; baseline 0.01 -2"><span class='ocrx_word' id='word_1_1' title='bbox 1392 404 1587 488; x_wconf 78' lang='grc'>65-</span> 
     </span>
    </p>
   </div>
   <div class='ocr_carea' id='block_1_2' title="bbox 340 545 2576 3485">
    <p class='ocr_par' dir='ltr' id='par_1_2' title="bbox 340 545 2576 3485">
     <span class='ocr_line' id='line_1_2' title="bbox 430 545 2540 633; baseline -0.001 -18"><span class='ocrx_word' id='word_1_2' title='bbox 430 550 534 615; x_wconf 82' lang='grc'>50.</span> <span class='ocrx_word' id='word_1_3' title='bbox 580 548 916 616; x_wconf 79' lang='lat' dir='ltr'>Orationes</span> <span class='ocrx_word' id='word_1_4' title='bbox 943 559 1150 613; x_wconf 88' lang='lat' dir='ltr'>autem</span> <span class='ocrx_word' id='word_1_5' title='bbox 1174 547 1735 631; x_wconf 72' lang='lat' dir='ltr'>nequedsscripto</span> <span class='ocrx_word' id='word_1_6' title='bbox 1762 545 1993 610; x_wconf 71' lang='lat' dir='ltr'>habitae</span> <span class='ocrx_word' id='word_1_7' title='bbox 2019 546 2248 633; x_wconf 83' lang='lat' dir='ltr'>(Wolf.</span> <span class='ocrx_word' id='word_1_8' title='bbox 2275 548 2540 614; x_wconf 85' lang='lat' dir='ltr'>ad&#39;Mar·</span> 
     </span>
     <span class='ocr_line' id='line_1_3' title="bbox 340 644 2549 735; baseline -0.001 -23"><span class='ocrx_word' id='word_1_9' title='bbox 340 649 493 712; x_wconf 90' lang='lat' dir='ltr'>cell.</span> <span class='ocrx_word' id='word_1_10' title='bbox 519 649 689 731; x_wconf 81' lang='lat' dir='ltr'>prael&#39;.</span> <span class='ocrx_word' id='word_1_11' title='bbox 722 670 789 735; x_wconf 88' lang='lat' dir='ltr'>p.</span> <span class='ocrx_word' id='word_1_12' title='bbox 822 648 1029 733; x_wconf 81' lang='lat' dir='ltr'>xlx),</span> <span class='ocrx_word' id='word_1_13' title='bbox 1075 667 1196 712; x_wconf 89' lang='lat' dir='ltr'>nec</span> <span class='ocrx_word' id='word_1_14' title='bbox 1221 648 1344 711; x_wconf 88' lang='lat' dir='ltr'>nisi</span> <span class='ocrx_word' id='word_1_15' title='bbox 1372 647 1578 731; x_wconf 87' lang='lat' dir='ltr'>capita</span> <span class='ocrx_word' id='word_1_16' title='bbox 1604 647 1815 727; x_wconf 82' lang='lat' dir='ltr'>vulgo,</span> <span class='ocrx_word' id='word_1_17' title='bbox 1850 647 1919 709; x_wconf 89' lang='lat' dir='ltr'>in</span> <span class='ocrx_word' id='word_1_18' title='bbox 1945 644 2170 731; x_wconf 85' lang='lat' dir='ltr'>primis</span> <span class='ocrx_word' id='word_1_19' title='bbox 2209 650 2461 712; x_wconf 86' lang='lat' dir='ltr'>exordia</span> <span class='ocrx_word' id='word_1_20' title='bbox 2483 662 2549 712; x_wconf 92' lang='lat' dir='ltr'>et</span> 
     </span>
     <span class='ocr_line' id='line_1_4' title="bbox 342 748 2552 833; baseline 0 -21"><span class='ocrx_word' id='word_1_21' title='bbox 342 749 769 833; x_wconf 87' lang='lat' dir='ltr'>perorationes</span> <span class='ocrx_word' id='word_1_22' title='bbox 786 795 803 827; x_wconf 94' lang='lat'>,</span> <span class='ocrx_word' id='word_1_23' title='bbox 844 749 1080 814; x_wconf 87' lang='lat' dir='ltr'>chartis</span> <span class='ocrx_word' id='word_1_24' title='bbox 1106 796 1124 825; x_wconf 90' lang='lat'>,</span> <span class='ocrx_word' id='word_1_25' title='bbox 1154 760 1489 833; x_wconf 84' lang='lat' dir='ltr'>antequam</span> <span class='ocrx_word' id='word_1_26' title='bbox 1520 748 1871 825; x_wconf 83' lang='lat' dir='ltr'>diceretur,</span> <span class='ocrx_word' id='word_1_27' title='bbox 1903 750 2219 813; x_wconf 89' lang='lat' dir='ltr'>mandata.</span> <span class='ocrx_word' id='word_1_28' title='bbox 2250 751 2408 813; x_wconf 87' lang='lat' dir='ltr'>Nam</span> <span class='ocrx_word' id='word_1_29' title='bbox 2427 793 2444 823; x_wconf 90' lang='lat'>‚</span> <span class='ocrx_word' id='word_1_30' title='bbox 2480 765 2552 813; x_wconf 90' lang='lat' dir='ltr'>ut</span> 
     </span>
     <span class='ocr_line' id='line_1_5' title="bbox 341 847 2552 934; baseline 0 -21"><span class='ocrx_word' id='word_1_31' title='bbox 341 849 567 914; x_wconf 90' lang='lat' dir='ltr'>Cicero</span> <span class='ocrx_word' id='word_1_32' title='bbox 593 852 772 928; x_wconf 90' lang='lat' dir='ltr'>dicit,</span> <span class='ocrx_word' id='word_1_33' title='bbox 808 851 1115 934; x_wconf 77' lang='lat' dir='ltr'>pleroeque</span> <span class='ocrx_word' id='word_1_34' title='bbox 1151 850 1469 913; x_wconf 86' lang='lat' dir='ltr'>orationes</span> <span class='ocrx_word' id='word_1_35' title='bbox 1501 868 1631 911; x_wconf 91' lang='lat' dir='ltr'>non</span> <span class='ocrx_word' id='word_1_36' title='bbox 1666 848 1971 911; x_wconf 78' lang='lat' dir='ltr'>habend‘ae</span> <span class='ocrx_word' id='word_1_37' title='bbox 1996 847 2389 926; x_wconf 85' lang='lat' dir='ltr'>scribuntur,</span> <span class='ocrx_word' id='word_1_38' title='bbox 2436 854 2552 915; x_wconf 86' lang='lat' dir='ltr'>sed</span> 
     </span>
     <span class='ocr_line' id='line_1_6' title="bbox 342 947 2547 1031; baseline 0 -20"><span class='ocrx_word' id='word_1_39' title='bbox 342 947 593 1025; x_wconf 80' lang='lat' dir='ltr'>habitae,</span> <span class='ocrx_word' id='word_1_40' title='bbox 626 953 810 1014; x_wconf 80' lang='lat' dir='ltr'>Taso.</span> <span class='ocrx_word' id='word_1_41' title='bbox 842 952 950 1027; x_wconf 90' lang='lat' dir='ltr'>IV,</span> <span class='ocrx_word' id='word_1_42' title='bbox 980 951 1097 1028; x_wconf 75' lang='lat'>253</span> <span class='ocrx_word' id='word_1_43' title='bbox 1131 953 1309 1012; x_wconf 84' lang='lat' dir='ltr'>Brut.</span> <span class='ocrx_word' id='word_1_44' title='bbox 1345 969 1405 1011; x_wconf 91' lang='lat' dir='ltr'>c.</span> <span class='ocrx_word' id='word_1_45' title='bbox 1438 948 1558 1022; x_wconf 76' lang='lat'>243</span> <span class='ocrx_word' id='word_1_46' title='bbox 1585 948 1724 1012; x_wconf 81' lang='lat' dir='ltr'>Cat.</span> <span class='ocrx_word' id='word_1_47' title='bbox 1751 948 1901 1031; x_wconf 84' lang='lat' dir='ltr'>maj.</span> <span class='ocrx_word' id='word_1_48' title='bbox 1929 968 1989 1011; x_wconf 90' lang='lat' dir='ltr'>c.</span> <span class='ocrx_word' id='word_1_49' title='bbox 2017 949 2119 1027; x_wconf 87' lang='lat'>11,</span> <span class='ocrx_word' id='word_1_50' title='bbox 2151 948 2446 1024; x_wconf 57' lang='lat' dir='ltr'>omen,</span> <span class='ocrx_word' id='word_1_51' title='bbox 2473 952 2501 1011; x_wconf 92' lang='lat'>1</span> <span class='ocrx_word' id='word_1_52' title='bbox 2529 971 2547 1027; x_wconf 76' lang='grc' dir='ltr'><strong>ς</strong></span> 
     </span>
     <span class='ocr_line' id='line_1_7' title="bbox 341 1048 2557 1135; baseline 0.001 -23"><span class='ocrx_word' id='word_1_53' title='bbox 341 1049 514 1112; x_wconf 83' lang='lat' dir='ltr'>conf.</span> <span class='ocrx_word' id='word_1_54' title='bbox 542 1051 736 1113; x_wconf 76' lang='lat' dir='ltr'>Wolf.</span> <span class='ocrx_word' id='word_1_55' title='bbox 767 1053 812 1115; x_wconf 92' lang='lat' dir='ltr'>l.</span> <span class='ocrx_word' id='word_1_56' title='bbox 845 1072 907 1114; x_wconf 88' lang='lat' dir='ltr'>c.</span> <span class='ocrx_word' id='word_1_57' title='bbox 934 1051 1039 1115; x_wconf 89' lang='lat' dir='ltr'>Sic</span> <span class='ocrx_word' id='word_1_58' title='bbox 1074 1048 1421 1115; x_wconf 88' lang='lat' dir='ltr'>orationem</span> <span class='ocrx_word' id='word_1_59' title='bbox 1444 1068 1562 1132; x_wconf 89' lang='lat' dir='ltr'>pro</span> <span class='ocrx_word' id='word_1_60' title='bbox 1597 1048 1831 1111; x_wconf 81' lang='lat' dir='ltr'>Milone</span> <span class='ocrx_word' id='word_1_61' title='bbox 1849 1049 2116 1132; x_wconf 90' lang='lat' dir='ltr'>primam</span> <span class='ocrx_word' id='word_1_62' title='bbox 2138 1052 2340 1114; x_wconf 88' lang='lat' dir='ltr'>adhuc</span> <span class='ocrx_word' id='word_1_63' title='bbox 2359 1053 2557 1135; x_wconf 75' lang='lat' dir='ltr'>Quin·</span> 
     </span>
     <span class='ocr_line' id='line_1_8' title="bbox 346 1143 2556 1232; baseline 0.002 -26"><span class='ocrx_word' id='word_1_64' title='bbox 346 1143 599 1208; x_wconf 83' lang='lat' dir='ltr'>tilianus</span> <span class='ocrx_word' id='word_1_65' title='bbox 635 1146 811 1227; x_wconf 79' lang='lat' dir='ltr'>legit,</span> <span class='ocrx_word' id='word_1_66' title='bbox 853 1147 1159 1210; x_wconf 85' lang='lat' dir='ltr'>minorem</span> <span class='ocrx_word' id='word_1_67' title='bbox 1187 1168 1283 1224; x_wconf 90' lang='lat' dir='ltr'>ea,</span> <span class='ocrx_word' id='word_1_68' title='bbox 1319 1163 1505 1229; x_wconf 86' lang='lat' dir='ltr'>quam</span> <span class='ocrx_word' id='word_1_69' title='bbox 1542 1158 1682 1230; x_wconf 88' lang='lat' dir='ltr'>post</span> <span class='ocrx_word' id='word_1_70' title='bbox 1710 1144 2087 1210; x_wconf 87' lang='lat' dir='ltr'>elaboratius</span> <span class='ocrx_word' id='word_1_71' title='bbox 2126 1148 2401 1232; x_wconf 73' lang='lat' dir='ltr'>scrip-it,</span> <span class='ocrx_word' id='word_1_72' title='bbox 2435 1169 2556 1212; x_wconf 91' lang='lat' dir='ltr'>nec</span> 
     </span>
     <span class='ocr_line' id='line_1_9' title="bbox 345 1241 2560 1328; baseline 0.002 -24"><span class='ocrx_word' id='word_1_73' title='bbox 345 1241 427 1304; x_wconf 87' lang='lat' dir='ltr'>ab</span> <span class='ocrx_word' id='word_1_74' title='bbox 451 1243 579 1306; x_wconf 92' lang='lat' dir='ltr'>ulla</span> <span class='ocrx_word' id='word_1_75' title='bbox 598 1256 771 1326; x_wconf 85' lang='lat' dir='ltr'>parte</span> <span class='ocrx_word' id='word_1_76' title='bbox 784 1243 1301 1328; x_wconf 88' lang='lat' dir='ltr'>comparandam;</span> <span class='ocrx_word' id='word_1_77' title='bbox 1328 1264 1451 1327; x_wconf 90' lang='lat' dir='ltr'>qua</span> <span class='ocrx_word' id='word_1_78' title='bbox 1472 1262 1593 1307; x_wconf 82' lang='lat' dir='ltr'>cur</span> <span class='ocrx_word' id='word_1_79' title='bbox 1610 1241 1705 1304; x_wconf 85' lang='lat' dir='ltr'>uti</span> <span class='ocrx_word' id='word_1_80' title='bbox 1722 1245 1922 1307; x_wconf 83' lang='lat' dir='ltr'>voluit</span> <span class='ocrx_word' id='word_1_81' title='bbox 1937 1257 2065 1308; x_wconf 89' lang='lat' dir='ltr'>tam</span> <span class='ocrx_word' id='word_1_82' title='bbox 2089 1264 2311 1328; x_wconf 88' lang='lat' dir='ltr'>parum</span> <span class='ocrx_word' id='word_1_83' title='bbox 2334 1258 2560 1309; x_wconf 90' lang='lat' dir='ltr'>ornata</span> 
     </span>
     <span class='ocr_line' id='line_1_10' title="bbox 347 1340 2552 1428; baseline 0.003 -27"><span class='ocrx_word' id='word_1_84' title='bbox 347 1340 416 1403; x_wconf 91' lang='lat' dir='ltr'>in</span> <span class='ocrx_word' id='word_1_85' title='bbox 447 1340 634 1406; x_wconf 88' lang='lat' dir='ltr'>amici</span> <span class='ocrx_word' id='word_1_86' title='bbox 652 1346 883 1427; x_wconf 84' lang='lat' dir='ltr'>optime</span> <span class='ocrx_word' id='word_1_87' title='bbox 902 1345 1115 1408; x_wconf 86' lang='lat' dir='ltr'>meriti</span> <span class='ocrx_word' id='word_1_88' title='bbox 1136 1347 1441 1428; x_wconf 83' lang='lat' dir='ltr'>periculo,</span> <span class='ocrx_word' id='word_1_89' title='bbox 1471 1343 1596 1407; x_wconf 90' lang='lat' dir='ltr'>nisi</span> <span class='ocrx_word' id='word_1_90' title='bbox 1614 1361 1750 1426; x_wconf 79' lang='lat' dir='ltr'>quae</span> <span class='ocrx_word' id='word_1_91' title='bbox 1766 1343 2099 1407; x_wconf 85' lang='lat' dir='ltr'>scribendo</span> <span class='ocrx_word' id='word_1_92' title='bbox 2119 1342 2552 1420; x_wconf 82' lang='lat' dir='ltr'>inchoaverat,</span> 
     </span>
     <span class='ocr_line' id='line_1_11' title="bbox 348 1442 2557 1528; baseline 0.002 -24"><span class='ocrx_word' id='word_1_93' title='bbox 348 1442 752 1506; x_wconf 81' lang='lat' dir='ltr'>meditatione</span> <span class='ocrx_word' id='word_1_94' title='bbox 801 1456 866 1507; x_wconf 94' lang='lat' dir='ltr'>et</span> <span class='ocrx_word' id='word_1_95' title='bbox 908 1447 1316 1528; x_wconf 82' lang='lat' dir='ltr'>extemporali</span> <span class='ocrx_word' id='word_1_96' title='bbox 1370 1446 1574 1507; x_wconf 89' lang='lat' dir='ltr'>calore</span> <span class='ocrx_word' id='word_1_97' title='bbox 1623 1455 1922 1505; x_wconf 81' lang='lat' dir='ltr'>aucturus</span> <span class='ocrx_word' id='word_1_98' title='bbox 1946 1444 1978 1505; x_wconf 76' lang='grc' dir='ltr'>ἰ’</span> <span class='ocrx_word' id='word_1_99' title='bbox 2022 1445 2157 1507; x_wconf 87' lang='lat' dir='ltr'>Hoc</span> <span class='ocrx_word' id='word_1_100' title='bbox 2213 1460 2339 1522; x_wconf 87' lang='lat' dir='ltr'>est,</span> <span class='ocrx_word' id='word_1_101' title='bbox 2395 1450 2557 1528; x_wconf 89' lang='lat' dir='ltr'>quod</span> 
     </span>
     <span class='ocr_line' id='line_1_12' title="bbox 349 1539 2564 1628; baseline 0.001 -24"><span class='ocrx_word' id='word_1_102' title='bbox 349 1541 586 1604; x_wconf 82' lang='lat' dir='ltr'>diserte</span> <span class='ocrx_word' id='word_1_103' title='bbox 606 1542 845 1608; x_wconf 82' lang='lat' dir='ltr'>Plinius</span> <span class='ocrx_word' id='word_1_104' title='bbox 874 1539 985 1626; x_wconf 91' lang='lat' dir='ltr'>(ut</span> <span class='ocrx_word' id='word_1_105' title='bbox 1006 1544 1229 1607; x_wconf 85' lang='lat' dir='ltr'>Cicero</span> <span class='ocrx_word' id='word_1_106' title='bbox 1257 1543 1335 1604; x_wconf 88' lang='lat' dir='ltr'>de</span> <span class='ocrx_word' id='word_1_107' title='bbox 1361 1542 1611 1616; x_wconf 83' lang='lat' dir='ltr'>Crasso,</span> <span class='ocrx_word' id='word_1_108' title='bbox 1642 1541 1823 1602; x_wconf 89' lang='lat' dir='ltr'>Brut.</span> <span class='ocrx_word' id='word_1_109' title='bbox 1857 1562 1916 1604; x_wconf 90' lang='lat' dir='ltr'>c.</span> <span class='ocrx_word' id='word_1_110' title='bbox 1972 1540 2090 1626; x_wconf 75' lang='lat'>44)</span> <span class='ocrx_word' id='word_1_111' title='bbox 2127 1545 2324 1607; x_wconf 86' lang='lat' dir='ltr'>multa</span> <span class='ocrx_word' id='word_1_112' title='bbox 2355 1544 2564 1628; x_wconf 83' lang='lat' dir='ltr'>capita</span> 
     </span>
     <span class='ocr_line' id='line_1_13' title="bbox 350 1636 2559 1723; baseline 0.003 -23"><span class='ocrx_word' id='word_1_113' title='bbox 350 1636 422 1701; x_wconf 92' lang='lat' dir='ltr'>in</span> <span class='ocrx_word' id='word_1_114' title='bbox 450 1640 881 1704; x_wconf 84' lang='lat' dir='ltr'>Ciceronianis</span> <span class='ocrx_word' id='word_1_115' title='bbox 907 1659 1034 1703; x_wconf 88' lang='lat' dir='ltr'>non</span> <span class='ocrx_word' id='word_1_116' title='bbox 1073 1641 1315 1721; x_wconf 87' lang='lat' dir='ltr'>scripta</span> <span class='ocrx_word' id='word_1_117' title='bbox 1341 1641 1450 1700; x_wconf 89' lang='lat' dir='ltr'>sed</span> <span class='ocrx_word' id='word_1_118' title='bbox 1476 1650 1721 1700; x_wconf 89' lang='lat' dir='ltr'>tantum</span> <span class='ocrx_word' id='word_1_119' title='bbox 1749 1649 1967 1700; x_wconf 87' lang='lat' dir='ltr'>notata</span> <span class='ocrx_word' id='word_1_120' title='bbox 1992 1638 2149 1700; x_wconf 90' lang='lat' dir='ltr'>dicit</span> <span class='ocrx_word' id='word_1_121' title='bbox 2171 1643 2332 1723; x_wconf 89' lang='lat' dir='ltr'>Epp.</span> <span class='ocrx_word' id='word_1_122' title='bbox 2365 1644 2418 1719; x_wconf 90' lang='lat'>1,</span> <span class='ocrx_word' id='word_1_123' title='bbox 2452 1644 2559 1716; x_wconf 83' lang='lat'>20,</span> 
     </span>
     <span class='ocr_line' id='line_1_14' title="bbox 353 1730 2566 1819; baseline 0.002 -22"><span class='ocrx_word' id='word_1_124' title='bbox 353 1735 419 1807; x_wconf 81' lang='lat'>7,</span> <span class='ocrx_word' id='word_1_125' title='bbox 451 1748 522 1797; x_wconf 91' lang='lat' dir='ltr'>ut</span> <span class='ocrx_word' id='word_1_126' title='bbox 550 1756 667 1819; x_wconf 89' lang='lat' dir='ltr'>pro</span> <span class='ocrx_word' id='word_1_127' title='bbox 689 1738 974 1808; x_wconf 83' lang='lat' dir='ltr'>Murena,</span> <span class='ocrx_word' id='word_1_128' title='bbox 1000 1748 1067 1799; x_wconf 86' lang='lat' dir='ltr'>et</span> <span class='ocrx_word' id='word_1_129' title='bbox 1084 1737 1361 1798; x_wconf 86' lang='lat' dir='ltr'>Vareno.</span> <span class='ocrx_word' id='word_1_130' title='bbox 1390 1733 1466 1795; x_wconf 90' lang='lat' dir='ltr'>Et</span> <span class='ocrx_word' id='word_1_131' title='bbox 1488 1730 1558 1794; x_wconf 87' lang='lat' dir='ltr'>in</span> <span class='ocrx_word' id='word_1_132' title='bbox 1574 1732 1946 1797; x_wconf 80' lang='lat' dir='ltr'>Mureniana</span> <span class='ocrx_word' id='word_1_133' title='bbox 1965 1746 2201 1812; x_wconf 82' lang='lat' dir='ltr'>tamen,</span> <span class='ocrx_word' id='word_1_134' title='bbox 2230 1737 2566 1801; x_wconf 85' lang='lat' dir='ltr'>Plutarcho</span> 
     </span>
     <span class='ocr_line' id='line_1_15' title="bbox 352 1831 2569 1912; baseline 0.001 -16"><span class='ocrx_word' id='word_1_135' title='bbox 352 1843 536 1905; x_wconf 86' lang='lat' dir='ltr'>teste,</span> <span class='ocrx_word' id='word_1_136' title='bbox 563 1835 702 1896; x_wconf 83' lang='lat' dir='ltr'>fere</span> <span class='ocrx_word' id='word_1_137' title='bbox 738 1833 998 1894; x_wconf 89' lang='lat' dir='ltr'>nimium</span> <span class='ocrx_word' id='word_1_138' title='bbox 1038 1832 1471 1893; x_wconf 79' lang='lat' dir='ltr'>desudaverat.</span> <span class='ocrx_word' id='word_1_139' title='bbox 1510 1831 1665 1912; x_wconf 81' lang='lat' dir='ltr'>Quae</span> <span class='ocrx_word' id='word_1_140' title='bbox 1693 1850 1878 1892; x_wconf 89' lang='lat' dir='ltr'>causa</span> <span class='ocrx_word' id='word_1_141' title='bbox 1921 1831 2175 1894; x_wconf 80' lang='lat' dir='ltr'>videtur</span> <span class='ocrx_word' id='word_1_142' title='bbox 2204 1832 2412 1911; x_wconf 84' lang='lat' dir='ltr'>fuisse,</span> <span class='ocrx_word' id='word_1_143' title='bbox 2453 1857 2569 1899; x_wconf 89' lang='lat' dir='ltr'>cur</span> 
     </span>
     <span class='ocr_line' id='line_1_16' title="bbox 354 1928 2566 2013; baseline 0.003 -21"><span class='ocrx_word' id='word_1_144' title='bbox 354 1931 738 1994; x_wconf 78' lang='lat' dir='ltr'>Murenianoe</span> <span class='ocrx_word' id='word_1_145' title='bbox 777 1951 948 2013; x_wconf 85' lang='lat' dir='ltr'>pars,</span> <span class='ocrx_word' id='word_1_146' title='bbox 978 1929 1085 1992; x_wconf 81' lang='lat' dir='ltr'>vix</span> <span class='ocrx_word' id='word_1_147' title='bbox 1110 1940 1346 2013; x_wconf 69' lang='lat' dir='ltr'>praeter</span> <span class='ocrx_word' id='word_1_148' title='bbox 1374 1929 1910 1992; x_wconf 85' lang='lat' dir='ltr'>nomenclaturam</span> <span class='ocrx_word' id='word_1_149' title='bbox 1943 1931 2046 1992; x_wconf 79' lang='lat' dir='ltr'>vel</span> <span class='ocrx_word' id='word_1_150' title='bbox 2071 1928 2329 1995; x_wconf 83' lang='lat' dir='ltr'>brevem</span> <span class='ocrx_word' id='word_1_151' title='bbox 2353 1954 2566 1998; x_wconf 89' lang='lat' dir='ltr'>rerum</span> 
     </span>
     <span class='ocr_line' id='line_1_17' title="bbox 354 2024 2565 2109; baseline 0.002 -18"><span class='ocrx_word' id='word_1_152' title='bbox 354 2027 737 2092; x_wconf 87' lang='lat' dir='ltr'>notationem</span> <span class='ocrx_word' id='word_1_153' title='bbox 783 2028 1118 2109; x_wconf 84' lang='lat' dir='ltr'>quidquam</span> <span class='ocrx_word' id='word_1_154' title='bbox 1160 2024 1513 2099; x_wconf 85' lang='lat' dir='ltr'>continens,</span> <span class='ocrx_word' id='word_1_155' title='bbox 1560 2026 1887 2105; x_wconf 82' lang='lat' dir='ltr'>interiret3</span> <span class='ocrx_word' id='word_1_156' title='bbox 1940 2029 2178 2091; x_wconf 80' lang='lat' dir='ltr'>omissae</span> <span class='ocrx_word' id='word_1_157' title='bbox 2211 2042 2379 2106; x_wconf 91' lang='lat' dir='ltr'>sunt,</span> <span class='ocrx_word' id='word_1_158' title='bbox 2424 2051 2565 2095; x_wconf 90' lang='lat' dir='ltr'>cum</span> 
     </span>
     <span class='ocr_line' id='line_1_18' title="bbox 354 2121 2567 2206; baseline 0.001 -17"><span class='ocrx_word' id='word_1_159' title='bbox 354 2127 669 2200; x_wconf 85' lang='lat' dir='ltr'>ederetur,</span> <span class='ocrx_word' id='word_1_160' title='bbox 704 2125 1017 2206; x_wconf 81' lang='lat' dir='ltr'>pleniores</span> <span class='ocrx_word' id='word_1_161' title='bbox 1039 2122 1482 2206; x_wconf 62' lang='lat' dir='ltr'>expositiones,</span> <span class='ocrx_word' id='word_1_162' title='bbox 1533 2141 1616 2184; x_wconf 90' lang='lat' dir='ltr'>ne</span> <span class='ocrx_word' id='word_1_163' title='bbox 1644 2121 1984 2186; x_wconf 88' lang='lat' dir='ltr'>debiliores</span> <span class='ocrx_word' id='word_1_164' title='bbox 2012 2124 2363 2206; x_wconf 84' lang='lat' dir='ltr'>legentibus</span> <span class='ocrx_word' id='word_1_165' title='bbox 2396 2131 2567 2193; x_wconf 79' lang='lat' dir='ltr'>vide-</span> 
     </span>
     <span class='ocr_line' id='line_1_19' title="bbox 354 2217 2567 2302; baseline 0.002 -17"><span class='ocrx_word' id='word_1_166' title='bbox 354 2232 599 2285; x_wconf 86' lang='lat' dir='ltr'>rentur.</span> <span class='ocrx_word' id='word_1_167' title='bbox 642 2223 886 2286; x_wconf 90' lang='lat' dir='ltr'>Deinde</span> <span class='ocrx_word' id='word_1_168' title='bbox 913 2238 1112 2284; x_wconf 81' lang='lat' dir='ltr'>causoe</span> <span class='ocrx_word' id='word_1_169' title='bbox 1143 2237 1278 2301; x_wconf 78' lang='lat' dir='ltr'>quoe</span> <span class='ocrx_word' id='word_1_170' title='bbox 1309 2217 1514 2279; x_wconf 89' lang='lat' dir='ltr'>minus</span> <span class='ocrx_word' id='word_1_171' title='bbox 1541 2217 1705 2281; x_wconf 90' lang='lat' dir='ltr'>bene</span> <span class='ocrx_word' id='word_1_172' title='bbox 1740 2219 2087 2302; x_wconf 86' lang='lat' dir='ltr'>placerent,</span> <span class='ocrx_word' id='word_1_173' title='bbox 2121 2224 2225 2285; x_wconf 79' lang='lat' dir='ltr'>vel</span> <span class='ocrx_word' id='word_1_174' title='bbox 2251 2242 2380 2287; x_wconf 92' lang='lat' dir='ltr'>non</span> <span class='ocrx_word' id='word_1_175' title='bbox 2403 2224 2567 2289; x_wconf 91' lang='lat' dir='ltr'>bene</span> 
     </span>
     <span class='ocr_line' id='line_1_20' title="bbox 356 2316 2566 2402; baseline 0.001 -15"><span class='ocrx_word' id='word_1_176' title='bbox 356 2323 752 2396; x_wconf 80' lang='lat' dir='ltr'>excidissent,</span> <span class='ocrx_word' id='word_1_177' title='bbox 783 2341 914 2386; x_wconf 91' lang='lat' dir='ltr'>non</span> <span class='ocrx_word' id='word_1_178' title='bbox 942 2321 1452 2393; x_wconf 88' lang='lat' dir='ltr'>elaborabantur‚</span> <span class='ocrx_word' id='word_1_179' title='bbox 1483 2320 1593 2381; x_wconf 89' lang='lat' dir='ltr'>sed</span> <span class='ocrx_word' id='word_1_180' title='bbox 1621 2316 2142 2402; x_wconf 85' lang='lat' dir='ltr'>relinquebantur</span> <span class='ocrx_word' id='word_1_181' title='bbox 2160 2324 2231 2385; x_wconf 90' lang='lat' dir='ltr'>in</span> <span class='ocrx_word' id='word_1_182' title='bbox 2257 2343 2566 2391; x_wconf 81' lang='lat' dir='ltr'>commen-</span> 
     </span>
     <span class='ocr_line' id='line_1_21' title="bbox 356 2414 2570 2504; baseline 0.004 -22"><span class='ocrx_word' id='word_1_183' title='bbox 356 2421 560 2497; x_wconf 86' lang='lat' dir='ltr'>tariis,</span> <span class='ocrx_word' id='word_1_184' title='bbox 594 2417 809 2502; x_wconf 89' lang='lat' dir='ltr'>quales</span> <span class='ocrx_word' id='word_1_185' title='bbox 837 2420 1028 2483; x_wconf 91' lang='lat' dir='ltr'>etiam</span> <span class='ocrx_word' id='word_1_186' title='bbox 1048 2414 1401 2489; x_wconf 88' lang='lat' dir='ltr'>Ciceronis,</span> <span class='ocrx_word' id='word_1_187' title='bbox 1439 2415 1590 2478; x_wconf 77' lang='lat' dir='ltr'>licet</span> <span class='ocrx_word' id='word_1_188' title='bbox 1615 2420 2026 2500; x_wconf 83' lang='lat' dir='ltr'>extemporali</span> <span class='ocrx_word' id='word_1_189' title='bbox 2053 2433 2120 2483; x_wconf 90' lang='lat' dir='ltr'>et</span> <span class='ocrx_word' id='word_1_190' title='bbox 2141 2422 2570 2504; x_wconf 77' lang='lat' dir='ltr'>perfunctoria</span> 
     </span>
     <span class='ocr_line' id='line_1_22' title="bbox 357 2516 2560 2605; baseline 0.002 -21"><span class='ocrx_word' id='word_1_191' title='bbox 357 2541 550 2605; x_wconf 87' lang='lat' dir='ltr'>opera</span> <span class='ocrx_word' id='word_1_192' title='bbox 584 2519 1016 2596; x_wconf 86' lang='lat' dir='ltr'>concinnatos,</span> <span class='ocrx_word' id='word_1_193' title='bbox 1066 2539 1208 2581; x_wconf 91' lang='lat' dir='ltr'>cum</span> <span class='ocrx_word' id='word_1_194' title='bbox 1237 2516 1650 2581; x_wconf 86' lang='lat' dir='ltr'>admiratione</span> <span class='ocrx_word' id='word_1_195' title='bbox 1675 2517 1892 2580; x_wconf 85' lang='lat' dir='ltr'>laudat</span> <span class='ocrx_word' id='word_1_196' title='bbox 1916 2520 2345 2604; x_wconf 80' lang='lat' dir='ltr'>Quintilianus</span> <span class='ocrx_word' id='word_1_197' title='bbox 2371 2525 2452 2601; x_wconf 88' lang='lat' dir='ltr'>X,</span> <span class='ocrx_word' id='word_1_198' title='bbox 2498 2528 2560 2601; x_wconf 79' lang='lat'>7,</span> 
     </span>
     <span class='ocr_line' id='line_1_23' title="bbox 359 2613 2563 2698; baseline 0.001 -16"><span class='ocrx_word' id='word_1_199' title='bbox 359 2620 469 2682; x_wconf 83' lang='lat'>30.</span> <span class='ocrx_word' id='word_1_200' title='bbox 499 2620 797 2686; x_wconf 71' lang='lat' dir='ltr'>Eumtlem</span> <span class='ocrx_word' id='word_1_201' title='bbox 832 2618 910 2679; x_wconf 86' lang='lat' dir='ltr'>de</span> <span class='ocrx_word' id='word_1_202' title='bbox 939 2614 1400 2680; x_wconf 84' lang='lat' dir='ltr'>commentariis</span> <span class='ocrx_word' id='word_1_203' title='bbox 1425 2613 1772 2692; x_wconf 81' lang='lat' dir='ltr'>generatim</span> <span class='ocrx_word' id='word_1_204' title='bbox 1799 2615 2109 2679; x_wconf 87' lang='lat' dir='ltr'>dicentem</span> <span class='ocrx_word' id='word_1_205' title='bbox 2138 2622 2388 2683; x_wconf 85' lang='lat' dir='ltr'>consule</span> <span class='ocrx_word' id='word_1_206' title='bbox 2411 2622 2471 2698; x_wconf 87' lang='lat'>1,</span> <span class='ocrx_word' id='word_1_207' title='bbox 2499 2621 2563 2696; x_wconf 82' lang='lat'>8,</span> 
     </span>
     <span class='ocr_line' id='line_1_24' title="bbox 364 2708 2566 2796; baseline 0.001 -19"><span class='ocrx_word' id='word_1_208' title='bbox 364 2717 485 2790; x_wconf 74' lang='lat'>193</span> <span class='ocrx_word' id='word_1_209' title='bbox 532 2717 646 2791; x_wconf 88' lang='lat'>111,</span> <span class='ocrx_word' id='word_1_210' title='bbox 680 2714 742 2788; x_wconf 84' lang='grc'>6,</span> <span class='ocrx_word' id='word_1_211' title='bbox 771 2714 890 2786; x_wconf 83' lang='grc'>59;</span> <span class='ocrx_word' id='word_1_212' title='bbox 922 2711 1150 2774; x_wconf 75' lang='lat' dir='ltr'>Ascon.</span> <span class='ocrx_word' id='word_1_213' title='bbox 1185 2712 1264 2773; x_wconf 91' lang='lat' dir='ltr'>ad</span> <span class='ocrx_word' id='word_1_214' title='bbox 1287 2708 1468 2774; x_wconf 90' lang='lat' dir='ltr'>Orat.</span> <span class='ocrx_word' id='word_1_215' title='bbox 1502 2708 1570 2770; x_wconf 91' lang='lat' dir='ltr'>iu</span> <span class='ocrx_word' id='word_1_216' title='bbox 1589 2723 1735 2789; x_wconf 81' lang='lat' dir='ltr'>toga</span> <span class='ocrx_word' id='word_1_217' title='bbox 1754 2711 2021 2774; x_wconf 86' lang='lat' dir='ltr'>candida</span> <span class='ocrx_word' id='word_1_218' title='bbox 2039 2732 2102 2796; x_wconf 87' lang='lat' dir='ltr'>p.</span> <span class='ocrx_word' id='word_1_219' title='bbox 2132 2715 2212 2777; x_wconf 84' lang='lat'>87</span> <span class='ocrx_word' id='word_1_220' title='bbox 2246 2719 2346 2778; x_wconf 88' lang='lat' dir='ltr'>ed.</span> <span class='ocrx_word' id='word_1_221' title='bbox 2366 2715 2566 2783; x_wconf 87' lang='lat' dir='ltr'>Orell.</span> 
     </span>
     <span class='ocr_line' id='line_1_25' title="bbox 356 2806 2568 2891; baseline 0.001 -15"><span class='ocrx_word' id='word_1_222' title='bbox 356 2812 470 2876; x_wconf 89' lang='lat' dir='ltr'>Sic</span> <span class='ocrx_word' id='word_1_223' title='bbox 493 2812 635 2875; x_wconf 91' lang='lat' dir='ltr'>Ser.</span> <span class='ocrx_word' id='word_1_224' title='bbox 672 2806 959 2891; x_wconf 89' lang='lat' dir='ltr'>Sulpicii,</span> <span class='ocrx_word' id='word_1_225' title='bbox 990 2806 1168 2889; x_wconf 85' lang='lat' dir='ltr'>cujus</span> <span class='ocrx_word' id='word_1_226' title='bbox 1192 2821 1321 2870; x_wconf 76' lang='lat' dir='ltr'>tres</span> <span class='ocrx_word' id='word_1_227' title='bbox 1358 2807 1695 2871; x_wconf 81' lang='lat' dir='ltr'>elaboratae</span> <span class='ocrx_word' id='word_1_228' title='bbox 1720 2810 1905 2888; x_wconf 79' lang='lat' dir='ltr'>vulgo</span> <span class='ocrx_word' id='word_1_229' title='bbox 1941 2809 2309 2875; x_wconf 81' lang='lat' dir='ltr'>serebantur</span> <span class='ocrx_word' id='word_1_230' title='bbox 2342 2817 2568 2878; x_wconf 90' lang='lat' dir='ltr'>oratio·</span> 
     </span>
     <span class='ocr_line' id='line_1_26' title="bbox 360 2903 2570 2989; baseline 0.001 -17"><span class='ocrx_word' id='word_1_231' title='bbox 360 2929 502 2982; x_wconf 84' lang='lat' dir='ltr'>nes,</span> <span class='ocrx_word' id='word_1_232' title='bbox 557 2907 1058 2987; x_wconf 82' lang='lat' dir='ltr'>diligentissimos</span> <span class='ocrx_word' id='word_1_233' title='bbox 1097 2903 1525 2989; x_wconf 85' lang='lat' dir='ltr'>Quintilianus</span> <span class='ocrx_word' id='word_1_234' title='bbox 1573 2906 2054 2970; x_wconf 88' lang='lat' dir='ltr'>commentarios</span> <span class='ocrx_word' id='word_1_235' title='bbox 2096 2910 2326 2973; x_wconf 87' lang='lat' dir='ltr'>laudat.</span> <span class='ocrx_word' id='word_1_236' title='bbox 2369 2912 2570 2975; x_wconf 89' lang='lat' dir='ltr'>Etiam</span> 
     </span>
     <span class='ocr_line' id='line_1_27' title="bbox 359 3003 2572 3096; baseline 0.001 -26"><span class='ocrx_word' id='word_1_237' title='bbox 359 3003 815 3071; x_wconf 72' lang='lat' dir='ltr'>Ciceronianae</span> <span class='ocrx_word' id='word_1_238' title='bbox 839 3024 956 3086; x_wconf 90' lang='lat' dir='ltr'>pro</span> <span class='ocrx_word' id='word_1_239' title='bbox 980 3003 1279 3078; x_wconf 90' lang='lat' dir='ltr'>Gabinio,</span> <span class='ocrx_word' id='word_1_240' title='bbox 1300 3005 1574 3079; x_wconf 90' lang='lat' dir='ltr'>Vareno,</span> <span class='ocrx_word' id='word_1_241' title='bbox 1603 3004 1857 3070; x_wconf 88' lang='lat' dir='ltr'>Vatinio</span> <span class='ocrx_word' id='word_1_242' title='bbox 1891 3006 2207 3070; x_wconf 88' lang='lat' dir='ltr'>orationes</span> <span class='ocrx_word' id='word_1_243' title='bbox 2229 3028 2355 3096; x_wconf 77' lang='lat' dir='ltr'>non</span> <span class='ocrx_word' id='word_1_244' title='bbox 2373 3011 2572 3089; x_wconf 84' lang='lat' dir='ltr'>magis</span> 
     </span>
     <span class='ocr_line' id='line_1_28' title="bbox 359 3104 2576 3189; baseline 0.001 -19"><span class='ocrx_word' id='word_1_245' title='bbox 359 3107 711 3174; x_wconf 87' lang='lat' dir='ltr'>censuerim</span> <span class='ocrx_word' id='word_1_246' title='bbox 740 3106 925 3169; x_wconf 85' lang='lat' dir='ltr'>fuisse</span> <span class='ocrx_word' id='word_1_247' title='bbox 950 3104 1324 3178; x_wconf 84' lang='lat' dir='ltr'>elaboratas,</span> <span class='ocrx_word' id='word_1_248' title='bbox 1369 3123 1551 3189; x_wconf 84' lang='lat' dir='ltr'>quam</span> <span class='ocrx_word' id='word_1_249' title='bbox 1576 3105 1838 3168; x_wconf 88' lang='lat' dir='ltr'>alteram</span> <span class='ocrx_word' id='word_1_250' title='bbox 1867 3125 1983 3188; x_wconf 87' lang='lat' dir='ltr'>pro</span> <span class='ocrx_word' id='word_1_251' title='bbox 2008 3108 2270 3183; x_wconf 89' lang='lat' dir='ltr'>Scauro,</span> <span class='ocrx_word' id='word_1_252' title='bbox 2312 3109 2576 3173; x_wconf 84' lang='lat' dir='ltr'>ambitus</span> 
     </span>
     <span class='ocr_line' id='line_1_29' title="bbox 359 3200 2576 3290; baseline 0 -22"><span class='ocrx_word' id='word_1_253' title='bbox 359 3224 498 3280; x_wconf 89' lang='lat' dir='ltr'>reo,</span> <span class='ocrx_word' id='word_1_254' title='bbox 530 3225 673 3270; x_wconf 87' lang='lat' dir='ltr'>cum</span> <span class='ocrx_word' id='word_1_255' title='bbox 699 3204 1185 3287; x_wconf 85' lang='lat' dir='ltr'>repetundarum</span> <span class='ocrx_word' id='word_1_256' title='bbox 1231 3200 1547 3265; x_wconf 86' lang='lat' dir='ltr'>absolutus</span> <span class='ocrx_word' id='word_1_257' title='bbox 1567 3215 1751 3290; x_wconf 68' lang='lat' dir='ltr'>esset,</span> <span class='ocrx_word' id='word_1_258' title='bbox 1785 3223 1969 3287; x_wconf 89' lang='lat' dir='ltr'>quam</span> <span class='ocrx_word' id='word_1_259' title='bbox 1995 3202 2067 3270; x_wconf 88' lang='lat' dir='ltr'>in</span> <span class='ocrx_word' id='word_1_260' title='bbox 2095 3207 2576 3269; x_wconf 84' lang='lat' dir='ltr'>commentarios</span> 
     </span>
     <span class='ocr_line' id='line_1_30' title="bbox 359 3298 2574 3385; baseline 0.001 -21"><span class='ocrx_word' id='word_1_261' title='bbox 359 3302 628 3364; x_wconf 84' lang='lat' dir='ltr'>relatam</span> <span class='ocrx_word' id='word_1_262' title='bbox 656 3303 943 3382; x_wconf 80' lang='lat' dir='ltr'>legerunt</span> <span class='ocrx_word' id='word_1_263' title='bbox 961 3299 1228 3385; x_wconf 83' lang='lat' dir='ltr'>Quintil.</span> <span class='ocrx_word' id='word_1_264' title='bbox 1254 3302 1365 3375; x_wconf 86' lang='lat' dir='ltr'>lv,</span> <span class='ocrx_word' id='word_1_265' title='bbox 1401 3301 1460 3378; x_wconf 90' lang='lat'>1,</span> <span class='ocrx_word' id='word_1_266' title='bbox 1488 3305 1596 3378; x_wconf 83' lang='lat'>69,</span> <span class='ocrx_word' id='word_1_267' title='bbox 1627 3315 1694 3364; x_wconf 91' lang='lat' dir='ltr'>et</span> <span class='ocrx_word' id='word_1_268' title='bbox 1713 3303 2016 3367; x_wconf 80' lang='lat' dir='ltr'>Asconius</span> <span class='ocrx_word' id='word_1_269' title='bbox 2034 3303 2079 3365; x_wconf 91' lang='lat' dir='ltr'>l.</span> <span class='ocrx_word' id='word_1_270' title='bbox 2107 3321 2166 3364; x_wconf 93' lang='lat' dir='ltr'>c.</span> <span class='ocrx_word' id='word_1_271' title='bbox 2198 3298 2574 3368; x_wconf 83' lang='lat' dir='ltr'>Gabinianae</span> 
     </span>
     <span class='ocr_line' id='line_1_31' title="bbox 361 3400 2572 3485; baseline 0.001 -22"><span class='ocrx_word' id='word_1_272' title='bbox 361 3414 579 3464; x_wconf 90' lang='lat' dir='ltr'>tamen</span> <span class='ocrx_word' id='word_1_273' title='bbox 607 3401 1022 3480; x_wconf 78' lang='lat' dir='ltr'>fragmentum</span> <span class='ocrx_word' id='word_1_274' title='bbox 1061 3400 1480 3485; x_wconf 79' lang='lat' dir='ltr'>Hieronymus</span> <span class='ocrx_word' id='word_1_275' title='bbox 1506 3401 1784 3467; x_wconf 85' lang='lat' dir='ltr'>exhibet.</span> <span class='ocrx_word' id='word_1_276' title='bbox 1809 3405 2145 3467; x_wconf 78' lang='lat' dir='ltr'>Addendus</span> <span class='ocrx_word' id='word_1_277' title='bbox 2166 3401 2475 3466; x_wconf 81' lang='lat' dir='ltr'>Asconius</span> <span class='ocrx_word' id='word_1_278' title='bbox 2503 3404 2572 3466; x_wconf 91' lang='lat' dir='ltr'>in</span> 
     </span>
    </p>
   </div>
   <div class='ocr_carea' id='block_1_3' title="bbox 357 3497 2568 3677">
    <p class='ocr_par' dir='ltr' id='par_1_3' title="bbox 357 3497 2568 3677">
     <span class='ocr_line' id='line_1_32' title="bbox 358 3497 2568 3579; baseline 0 -15"><span class='ocrx_word' id='word_1_279' title='bbox 358 3503 754 3579; x_wconf 81' lang='lat' dir='ltr'>Argumento</span> <span class='ocrx_word' id='word_1_280' title='bbox 795 3497 1165 3559; x_wconf 83' lang='lat' dir='ltr'>Milonianoe.</span> <span class='ocrx_word' id='word_1_281' title='bbox 1207 3497 1422 3579; x_wconf 85' lang='lat' dir='ltr'>Neque</span> <span class='ocrx_word' id='word_1_282' title='bbox 1449 3498 1589 3561; x_wconf 82' lang='lat' dir='ltr'>veri</span> <span class='ocrx_word' id='word_1_283' title='bbox 1637 3499 2042 3563; x_wconf 84' lang='lat' dir='ltr'>similitudine</span> <span class='ocrx_word' id='word_1_284' title='bbox 2090 3513 2286 3574; x_wconf 90' lang='lat' dir='ltr'>caret,</span> <span class='ocrx_word' id='word_1_285' title='bbox 2335 3501 2568 3564; x_wconf 90' lang='lat' dir='ltr'>librum</span> 
     </span>
     <span class='ocr_line' id='line_1_33' title="bbox 357 3594 2566 3677; baseline 0.001 -15"><span class='ocrx_word' id='word_1_286' title='bbox 357 3599 621 3662; x_wconf 87' lang='lat' dir='ltr'>tertium</span> <span class='ocrx_word' id='word_1_287' title='bbox 643 3597 954 3659; x_wconf 89' lang='lat' dir='ltr'>decimum</span> <span class='ocrx_word' id='word_1_288' title='bbox 972 3594 1333 3669; x_wconf 89' lang='lat' dir='ltr'>Causarum,</span> <span class='ocrx_word' id='word_1_289' title='bbox 1365 3596 1541 3677; x_wconf 89' lang='lat' dir='ltr'>cujus</span> <span class='ocrx_word' id='word_1_290' title='bbox 1566 3596 1919 3661; x_wconf 88' lang='lat' dir='ltr'>testimonio</span> <span class='ocrx_word' id='word_1_291' title='bbox 1941 3596 2273 3661; x_wconf 84' lang='lat' dir='ltr'>Diomedes</span> <span class='ocrx_word' id='word_1_292' title='bbox 2291 3601 2487 3663; x_wconf 77' lang='lat' dir='ltr'>utitur</span> <span class='ocrx_word' id='word_1_293' title='bbox 2509 3604 2566 3676; x_wconf 92' lang='lat'>1,</span> 
     </span>
    </p>
   </div>
   <div class='ocr_carea' id='block_1_4' title="bbox 358 3687 2704 3784">
    <p class='ocr_par' dir='ltr' id='par_1_4' title="bbox 358 3687 2704 3784">
     <span class='ocr_line' id='line_1_34' title="bbox 358 3687 2704 3784; baseline 0.003 -26"><span class='ocrx_word' id='word_1_294' title='bbox 358 3719 435 3782; x_wconf 85' lang='lat' dir='ltr'>p.</span> <span class='ocrx_word' id='word_1_295' title='bbox 462 3699 606 3775; x_wconf 77' lang='lat'>365,</span> <span class='ocrx_word' id='word_1_296' title='bbox 638 3700 863 3762; x_wconf 88' lang='lat' dir='ltr'>horum</span> <span class='ocrx_word' id='word_1_297' title='bbox 893 3694 1484 3759; x_wconf 87' lang='lat' dir='ltr'>commentariorum</span> <span class='ocrx_word' id='word_1_298' title='bbox 1523 3693 1730 3758; x_wconf 84' lang='lat' dir='ltr'>fuisse.</span> <span class='ocrx_word' id='word_1_299' title='bbox 1766 3698 1926 3760; x_wconf 87' lang='lat' dir='ltr'>Nam</span> <span class='ocrx_word' id='word_1_300' title='bbox 1955 3694 2273 3761; x_wconf 89' lang='lat' dir='ltr'>auditione</span> <span class='ocrx_word' id='word_1_301' title='bbox 2308 3715 2570 3784; x_wconf 80' lang='lat' dir='ltr'>excepta</span> <span class='ocrx_word' id='word_1_302' title='bbox 2695 3687 2704 3702; x_wconf 62' lang='lat'>⁸</span> 
     </span>
    </p>
   </div>
   <div class='ocr_carea' id='block_1_5' title="bbox 358 3792 2574 4278">
    <p class='ocr_par' dir='ltr' id='par_1_5' title="bbox 358 3792 2568 3981">
     <span class='ocr_line' id='line_1_35' title="bbox 362 3792 2568 3881; baseline -0 -17"><span class='ocrx_word' id='word_1_303' title='bbox 362 3799 577 3881; x_wconf 86' lang='lat' dir='ltr'>capita</span> <span class='ocrx_word' id='word_1_304' title='bbox 610 3817 736 3861; x_wconf 88' lang='lat' dir='ltr'>non</span> <span class='ocrx_word' id='word_1_305' title='bbox 777 3792 1069 3870; x_wconf 84' lang='lat' dir='ltr'>dixerim,</span> <span class='ocrx_word' id='word_1_306' title='bbox 1113 3795 1454 3876; x_wconf 69' lang='lat' dir='ltr'>praesertim</span> <span class='ocrx_word' id='word_1_307' title='bbox 1490 3812 1630 3856; x_wconf 92' lang='lat' dir='ltr'>cum</span> <span class='ocrx_word' id='word_1_308' title='bbox 1660 3793 1987 3861; x_wconf 87' lang='lat' dir='ltr'>Ciceronis</span> <span class='ocrx_word' id='word_1_309' title='bbox 2020 3817 2207 3861; x_wconf 87' lang='lat' dir='ltr'>mauu</span> <span class='ocrx_word' id='word_1_310' title='bbox 2234 3798 2402 3864; x_wconf 81' lang='lat' dir='ltr'>sacta</span> <span class='ocrx_word' id='word_1_311' title='bbox 2439 3814 2503 3864; x_wconf 88' lang='lat' dir='ltr'>et</span> <span class='ocrx_word' id='word_1_312' title='bbox 2533 3822 2568 3863; x_wconf 91' lang='lat' dir='ltr'>a</span> 
     </span>
     <span class='ocr_line' id='line_1_36' title="bbox 358 3884 2124 3981; baseline -0.005 -16"><span class='ocrx_word' id='word_1_313' title='bbox 358 3899 602 3965; x_wconf 90' lang='lat' dir='ltr'>Tirone</span> <span class='ocrx_word' id='word_1_314' title='bbox 631 3898 966 3981; x_wconf 88' lang='lat' dir='ltr'>composita</span> <span class='ocrx_word' id='word_1_315' title='bbox 989 3894 1414 3978; x_wconf 88' lang='lat' dir='ltr'>Quintilianus</span> <span class='ocrx_word' id='word_1_316' title='bbox 1439 3894 1634 3959; x_wconf 89' lang='lat' dir='ltr'>dicat.</span> <span class='ocrx_word' id='word_1_317' title='bbox 2115 3884 2124 3902; x_wconf 84' lang='grc'><em>“</em></span> 
     </span>
    </p>

    <p class='ocr_par' dir='ltr' id='par_1_6' title="bbox 362 3991 2574 4278">
     <span class='ocr_line' id='line_1_37' title="bbox 456 3991 2569 4081; baseline 0.001 -20"><span class='ocrx_word' id='word_1_318' title='bbox 456 3996 748 4062; x_wconf 85' lang='lat' dir='ltr'>Videmus</span> <span class='ocrx_word' id='word_1_319' title='bbox 771 3998 919 4059; x_wconf 89' lang='lat' dir='ltr'>inde</span> <span class='ocrx_word' id='word_1_320' title='bbox 939 3991 1233 4076; x_wconf 77' lang='lat' dir='ltr'>tauquam</span> <span class='ocrx_word' id='word_1_321' title='bbox 1251 3993 1576 4077; x_wconf 80' lang='lat' dir='ltr'>peculiare</span> <span class='ocrx_word' id='word_1_322' title='bbox 1611 3996 1904 4078; x_wconf 88' lang='lat' dir='ltr'>quiddam</span> <span class='ocrx_word' id='word_1_323' title='bbox 1931 3999 2223 4081; x_wconf 83' lang='lat' dir='ltr'>positum,</span> <span class='ocrx_word' id='word_1_324' title='bbox 2254 3998 2569 4064; x_wconf 82' lang='lat' dir='ltr'>orationes</span> 
     </span>
     <span class='ocr_line' id='line_1_38' title="bbox 362 4090 2574 4177; baseline -0.001 -17"><span class='ocrx_word' id='word_1_325' title='bbox 362 4097 657 4170; x_wconf 88' lang='lat' dir='ltr'>totidem,</span> <span class='ocrx_word' id='word_1_326' title='bbox 689 4106 838 4175; x_wconf 89' lang='lat' dir='ltr'>quot</span> <span class='ocrx_word' id='word_1_327' title='bbox 862 4090 1086 4154; x_wconf 81' lang='lat' dir='ltr'>habitoe</span> <span class='ocrx_word' id='word_1_328' title='bbox 1112 4092 1322 4155; x_wconf 79' lang='lat' dir='ltr'>verbis</span> <span class='ocrx_word' id='word_1_329' title='bbox 1347 4091 1494 4170; x_wconf 88' lang='lat' dir='ltr'>sint,</span> <span class='ocrx_word' id='word_1_330' title='bbox 1520 4096 1927 4177; x_wconf 84' lang='lat' dir='ltr'>perscriptas,</span> <span class='ocrx_word' id='word_1_331' title='bbox 1963 4098 2128 4177; x_wconf 80' lang='lat' dir='ltr'>quod</span> <span class='ocrx_word' id='word_1_332' title='bbox 2158 4098 2234 4158; x_wconf 88' lang='lat' dir='ltr'>de</span> <span class='ocrx_word' id='word_1_333' title='bbox 2255 4097 2574 4160; x_wconf 83' lang='lat' dir='ltr'>Hortensii</span> 
     </span>
     <span class='ocr_line' id='line_1_39' title="bbox 366 4186 2564 4278; baseline -0.001 -22"><span class='ocrx_word' id='word_1_334' title='bbox 366 4213 491 4278; x_wconf 89' lang='lat' dir='ltr'>pro</span> <span class='ocrx_word' id='word_1_335' title='bbox 519 4192 781 4258; x_wconf 81' lang='lat' dir='ltr'>Messala</span> <span class='ocrx_word' id='word_1_336' title='bbox 798 4186 1083 4253; x_wconf 86' lang='lat' dir='ltr'>oratione</span> <span class='ocrx_word' id='word_1_337' title='bbox 1110 4191 1179 4256; x_wconf 89' lang='lat' dir='ltr'>in</span> <span class='ocrx_word' id='word_1_338' title='bbox 1201 4192 1395 4253; x_wconf 84' lang='lat' dir='ltr'>Bruto</span> <span class='ocrx_word' id='word_1_339' title='bbox 1421 4210 1480 4252; x_wconf 90' lang='lat' dir='ltr'>c.</span> <span class='ocrx_word' id='word_1_340' title='bbox 1518 4192 1595 4255; x_wconf 86' lang='grc'>96</span> <span class='ocrx_word' id='word_1_341' title='bbox 1624 4192 1992 4273; x_wconf 88' lang='lat' dir='ltr'>reperimus.</span> <span class='ocrx_word' id='word_1_342' title='bbox 2032 4193 2139 4257; x_wconf 92' lang='lat' dir='ltr'>Sic</span> <span class='ocrx_word' id='word_1_343' title='bbox 2159 4193 2396 4259; x_wconf 86' lang='lat' dir='ltr'>Plinius</span> <span class='ocrx_word' id='word_1_344' title='bbox 2421 4196 2467 4257; x_wconf 92' lang='lat' dir='ltr'>l.</span> <span class='ocrx_word' id='word_1_345' title='bbox 2507 4214 2564 4257; x_wconf 92' lang='lat' dir='ltr'>c.</span> 
     </span>
    </p>
   </div>
   <div class='ocr_carea' id='block_1_6' title="bbox 2230 4330 2267 4379">
    <p class='ocr_par' dir='ltr' id='par_1_7' title="bbox 2230 4330 2267 4379">
     <span class='ocr_line' id='line_1_40' title="bbox 2230 4330 2267 4379; baseline 0 0"><span class='ocrx_word' id='word_1_346' title='bbox 2230 4330 2267 4379; x_wconf 88' lang='lat'><em>9</em></span> 
     </span>
    </p>
   </div>
  </div>
 </body>
</html>
