3367 5417
442 581 2600 656 WWWWQWWWSWWNWWU

592 981 1101 1118 fflsrpmA
1164 985 1873 1089 *512onerAE
1941 985 2446 1078 ROMANAE.

496 1556 558 1617 1.
603 1556 777 1637 sepe
820 1567 889 1619 et
921 1555 1216 1630 multum,
1245 1556 1341 1620 ita
1377 1569 1450 1619 ut
1482 1575 1613 1620 non
1651 1558 1817 1622 torte
1846 1557 2078 1620 saetam
2118 1570 2453 1639 appareat,
2499 1558 2622 1624 elo÷

408 1650 1260 1734 quentioeLatinoeprinoeps
1280 1652 1352 1715 in
1372 1671 1450 1716 ea
1470 1672 1544 1736 re
1576 1653 1591 1667 ⁶
1725 1664 1966 1726 oratur,
1998 1664 2068 1716 ut
2092 1655 2414 1727 ostendat,
2442 1672 2626 1734 quam

408 1772 449 1815 e
475 1751 757 1816 moribus
778 1751 1197 1814 homhumex
1223 1750 1633 1844 institutisqu-
1674 1751 1998 1816 ciffum
2023 1750 2327 1834 profluat,
2354 1764 2421 1814 et
2447 1771 2628 1836 quam

382 1869 535 1924 ,πω
568 1849 845 1930 originis.
866 1849 1049 1930 'quasi
1074 1848 1328 1931 proemia
1354 1851 1712 1912 reddatars
1746 1848 2095 1931 eloquendi.
2134 1849 2530 1913 Assentimur
2555 1848 2624 1920 in

406 1971 517 2025 eo,
546 1961 618 2011 ut
641 1948 1054 2030 eonfitvmur
1080 1947 1337 2012 insitum
1371 1967 1504 2013 esse
1534 1969 1572 2012 a
1607 1961 1840 2014 natura
1864 1947 2220 2018 hominibus
2244 1961 2315 2011 ut
2349 1949 2625 2016 omnium

403 2048 636 2110 artium
652 2048 746 2110 sic
763 2048 1079 2131 praecipue
1099 2045 1352 2111 dicendi
1373 2049 1530 2112 artis
1548 2047 2266 2126 elaborandae-studium.
2295 2049 2456 2110 Nam
2478 2048 2627 2130 quid

402 2144 616 2208 verbis
640 2163 795 2227 opus
816 2153 913 2208 est
928 2190 949 2221 ,
979 2155 1052 2208 ut
1088 2144 1424 2228 probetur,
1458 2144 1633 2209 nulla
1660 2165 1733 2208 re
1761 2145 1960 2226 magis
1987 2163 2025 2206 a
2051 2143 2396 2227 pecudibus
2421 2144 2624 2214 homi-

260 2307 269 2314 ,
403 2262 582 2317 nem,
615 2261 802 2323 quam
835 2241 1085 2306 ratione
1111 2253 1181 2304 et
1209 2241 1497 2306 oratione
1530 2241 1828 2307 secerni?
1854 2241 2089 2308 nullam
2123 2242 2206 2303 ad
2231 2253 2485 2308 omnem
2516 2260 2623 2312 na·

402 2349 609 2402 turam
654 2339 989 2402 humanam
1028 2349 1097 2402 et
1146 2336 1466 2417 ingenim
1521 2338 1930 2416 exedendum
1981 2339 2404 2422 potentiorem
2445 2357 2578 2401 esse
2595 2335 2627 2398 P

400 2435 617 2519 Quare
644 2454 787 2498 eam
814 2433 1047 2517 ubique
1078 2435 1164 2498 sit
1195 2434 1500 2500 orationis
1523 2454 1700 2513 usus,
1732 2454 1916 2517 quam
1943 2435 2312 2500 maturrime
2339 2433 2623 2498 homines

401 2532 504 2598 vel
540 2553 760 2616 parum
802 2531 1049 2596 cultos
1030 2553 1100 2594 tn
1137 2551 1213 2595 eo
1239 2532 1522 2598 videmus
1554 2532 1803 2598 landem
1829 2550 2067 2617 ponere
2107 2533 2414 2615 aliquam,
2454 2533 2616 2613 quod

398 2634 583 2697 inter
601 2655 745 2698 suos
772 2633 1016 2724 elogn‘m
1044 2632 1374 2700 excellant.
1427 2633 1594 2716 Quid
1623 2634 1852 2700 mirum
1889 2634 2101 2714 igitur,
2145 2636 2202 2700 si
2247 2635 2413 2717 apud
2444 2634 2622 2698 Grae-

401 2755 513 2799 cos
543 2735 966 2818 potissimum,
999 2733 1404 2814 elegantioris
1440 2733 1847 2800 humanitatis
1887 2747 2180 2800 auctores
2208 2746 2277 2800 et
2316 2734 2624 2808 cultores,

401 2852 547 2896 cum
571 2833 842 2915 primum
868 2832 947 2894 de
966 2830 1264 2896 barbarie
1294 2843 1720 2903 emerserant,
1748 2832 2197 2916 civitatumque
2215 2844 2283 2898 et
2304 2844 2502 2897 status
2519 2851 2623 2915 po·

402 2929 632 2993 litioris
672 2927 1089 2992 :anamma
1150 2943 1490 3011 posuerant
1510 2970 1533 3002 ,
1573 2948 1827 2994 sensum
1882 2930 2212 3013 eloquendi
2255 2930 2512 3013 prodire
2558 2941 2625 2993 et

399 3025 727 3108 aequalium
748 3025 1039 3090 laudibus
1077 3026 1388 3090 eelebrari
1414 3027 1696 3090 videmus
1712 3023 1743 3086 Ρ
1769 3027 1925 3090 Inde
1958 3028 2140 3094 toties
2197 3028 2459 3092 sudatus
2499 3026 2621 3090 Ho-

402 3148 611 3191 merus
628 3173 647 3203 ,
671 3128 777 3210 qui
805 3126 1089 3210 Ulyssem
1117 3129 1565 3210 Nestoremque
1606 3128 1897 3193 ornando
1928 3128 2025 3190 sui
2055 3128 2356 3209 temporis
2375 3147 2624 3192 sewun

401 3230 723 3314 patefacit.
746 3232 963 3313 Neque
981 3250 1124 3293 eum
1144 3229 1541 3312 Quintiliano
1558 3229 1850 3293 dissentit
1865 3229 2191 3312 qui-quam
2214 3225 2301 3313 (X
2317 3274 2335 3303 ,
2377 3229 2403 3288 1
2435 3270 2453 3299 ,
2485 3227 2622 3312 45),

404 3350 546 3393 eum
583 3330 859 3394 omnium
894 3330 1145 3394 dicendi
1171 3349 1473 3411 generum
1518 3331 2031 3414 praestantissima
2061 3329 2348 3412 exempla
2386 3327 2467 3392 ab
2503 3328 2626 3392 Ho-

400 3448 579 3492 mero
598 3430 915 3512 proposita
938 3443 1006 3494 et
1031 3430 1370 3495 imitationi
1400 3442 1648 3494 ostensa
1676 3442 1916 3494 censet.
1953 3430 2138 3516 Quod
2163 3447 2317 3494 vero
2345 3424 2625 3510 pluribus

401 3521 560 3589 loeis
599 3526 687 3587 M.
730 3526 966 3590 Tullius
995 3523 1191 3610 (artis
1226 3527 1421 3590 nimio
1464 3547 1678 3591 amore
1710 3527 1866 3592 ferri
1899 3525 2395 3609 animadvertas)
2423 3524 2618 3590 incul-

402 3635 565 3699 cat‚.
586 3621 872 3686 conditas
900 3623 1256 3704 eloquentia
1301 3623 1616 3698 civitates,
1659 3625 1865 3703 posita
1902 3622 2177 3686 melioris
2219 3621 2623 3690 humanitatis

404 3725 809 3788 fundamenta
829 3770 846 3798 ‚
878 3721 1283 3786 obliteratam
1315 3739 1558 3785 morum
1596 3720 1947 3798 feritatem,
1979 3721 2320 3790 discordias
2353 3722 2623 3792 etbella

403 3822 653 3896 sedata,
693 3819 873 3884 malis
919 3833 1049 3883 tum
1090 3817 1356 3903 publicis
1411 3830 1541 3882 tum
1586 3818 1851 3903 privatis
1893 3837 2217 3882 occursum
2255 3819 2620 3894 essezhaec,

403 3917 677 3999 inquam,
709 3938 788 3983 ex
807 3917 1179 4001 improbatis
1203 3918 1302 3980 De
1329 3916 1697 3982 inventione
1718 3915 1900 3980 libris
1922 3913 2030 4000 (1,
2068 3917 2096 3979 1
2125 3916 2308 4003 sqq.)
2338 3917 2406 3978 in
2428 3916 2618 3978 dialo-

401 4033 513 4094 gos
545 4014 644 4076 De
677 4027 929 4078 oratore
959 4011 1055 4097 (1,
1090 4017 1128 4079 8
1160 4011 1337 4097 sqq.)
1363 4025 1780 4097 transumpta,
1819 4013 2100 4097 quamvis
2125 4015 2204 4077 de
2228 4012 2619 4096 philosophia

407 4114 623 4178 eadem
645 4114 942 4197 praedieet
961 4115 1193 4200 Quat.
1221 4117 1406 4178 Tusc.
1431 4118 1488 4179 V
1503 4160 1523 4191 ,
1551 4114 1593 4178 2
1607 4160 1632 4189 ,
1658 4116 1696 4177 5
1713 4161 1731 4190 ,
1756 4115 1984 4198 partim
2004 4114 2265 4182 multum
2285 4134 2326 4176 a
2343 4133 2495 4176 vero
2515 4112 2617 4177 ab·

404 4223 550 4274 sunt
564 4257 585 4288 ,
618 4212 848 4295 partim
892 4230 974 4275 ne
1014 4211 1185 4275 laudi
1220 4213 1469 4295 quidem
1501 4213 1787 4278 ducenda
1827 4212 2145 4277 videntur.
2187 4211 2426 4277 Contra
2466 4231 2616 4274 sane

408 4307 821 4394 disputantem
854 4308 1099 4374 induxit
1134 4309 1471 4375 Scaevolam
1491 4356 1508 4386 ,
1543 4309 1646 4391 qui
1683 4310 2027 4391 prudentiae
2053 4307 2225 4374 civili
2262 4320 2445 4374 aucta
2474 4307 2615 4369 vitaz
