3367 5417
1366 499 1505 574 329

340 637 591 703 transiit
634 658 671 700 a
715 637 913 703 causis
956 640 1209 719 agendis
1253 641 1333 703 ad
1370 640 1471 722 jus
1512 639 1732 714 civile,
1782 633 2047 698 maxime
2089 648 2412 718 postquam
2448 637 2529 718 Q.
2589 686 2673 761 21
2696 693 2722 758 ι

341 744 668 822 Ligur-twa
693 747 1014 815 accusavit,
1047 761 1167 804 nec
1194 738 1468 804 obtinuit
1496 742 1659 823 apud
1687 737 1759 802 C.
1792 738 2121 802 Caesarem.
2136 772 2216 788 --
2241 738 2303 799 ls
2329 749 2425 801 est
2450 739 2532 820 Q.

340 839 645 922 Ligarius,
688 842 822 922 qui,
867 861 1007 903 cum
1032 841 1263 905 Africae
1291 833 1468 905 oram
1496 852 1766 926 teneret,
1810 838 2125 901 infirmum
2152 839 2545 901 Tuberonem

338 937 661 1021 applicare
702 955 828 998 non
873 936 1181 1019 permisit,
1217 958 1336 1002 nec
1366 957 1590 1019 aquam
1631 933 1911 1009 haurire,
1960 955 2079 1018 quo
2119 936 2371 997 nomine
2406 954 2544 996 eum

341 1038 679 1111 accusavit,
710 1051 774 1100 et
790 1036 1014 1101 Cicero
1045 1039 1343 1103 defendit.
1361 1075 1446 1087 —
1473 1037 1721 1102 Tubero
1753 1037 2143 1100 doctissimus
2173 1035 2418 1119 quidem
2442 1036 2554 1097 ha·

343 1135 512 1198 bitus
537 1148 630 1199 est
653 1135 816 1216 juris
841 1135 1080 1218 publici
1121 1150 1185 1199 et
1220 1138 1479 1224 privati,
1510 1152 1576 1201 et
1606 1135 1959 1220 complures
1988 1136 2307 1218 utriusque
2348 1134 2557 1218 operis

344 1231 538 1295 libros
565 1232 838 1315 reliquit.
885 1234 1188 1298 Sermone
1215 1236 1410 1298 etiam
1449 1237 1706 1317 antiquo
1738 1255 1881 1297 usus
1909 1233 2222 1296 affectavit
2248 1230 2550 1306 scribere,

347 1343 411 1391 et
437 1330 576 1394 ideo
601 1349 822 1413 parum
848 1330 981 1416 ejus
1010 1329 1161 1394 libri
1190 1330 1357 1412 grati
1385 1331 1722 1396 habentur.

831 1522 1270 1592 LXXXVII.
1327 1520 1413 1593 C.
1473 1522 1760 1594 Asinius
1814 1520 2069 1594 Pollio.

440 1728 635 1790 Natus
656 1746 822 1789 anno
850 1727 1045 1794 Urbis
1067 1729 1214 1802 678,
1255 1729 1641 1791 consulatum
1662 1728 1853 1807 gessit
1874 1749 1933 1789 a.
1972 1727 2127 1801 743,
2158 1748 2236 1789 ac
2266 1746 2446 1810 paene
2485 1726 2564 1790 ad

360 1838 703 1889 extremum
722 1826 983 1905 Augusti
1012 1824 1436 1907 principatum
1452 1827 1727 1888 duravit.
1752 1827 1919 1889 Dial.
1954 1827 2031 1888 de
2060 1837 2246 1889 oratt.
2279 1846 2337 1889 c.
2374 1827 2476 1889 17.

445 1921 710 2007 Quintil.
753 1922 814 1983 X
838 1969 857 2000 ,
916 1928 984 2000 1,
1035 1923 1154 1984 113
1195 1945 1214 1986 ε
1273 1923 1468 1986 Multa
1514 1922 1582 1986 in
1639 1921 1859 1986 Asinio
1904 1921 2185 1988 Pollione
2236 1925 2521 1988 inventio
2545 1973 2563 2003 ‚

363 2043 600 2087 summa
637 2023 984 2105 diligentia,
1018 2027 1173 2089 adeo
1202 2038 1273 2088 ut
1309 2025 1673 2105 quibusdam
1718 2027 1906 2089 etiam
1936 2024 2133 2088 nimia
2161 2027 2468 2103 videatdr,
2504 2040 2571 2091 et

365 2119 612 2187 consilii
630 2133 697 2185 et
720 2123 915 2185 animi
945 2123 1116 2200 satis,
1150 2143 1187 2186 a
1206 2122 1415 2185 nitore
1437 2135 1503 2184 et
1524 2120 1914 2203 jucunditate
1935 2121 2261 2186 Ciceronis
2279 2124 2370 2186 ita
2387 2125 2571 2203 longe
2598 2175 2615 2194 .

368 2222 569 2297 abest,
595 2232 666 2282 ut
690 2220 895 2285 videri
914 2220 1106 2303 possit
1132 2221 1354 2283 saeculo
1382 2221 1577 2302 prior.
1667 2223 1674 2232 ⁴

447 2320 674 2382 Seuec.
708 2320 864 2379 Exc.
907 2317 1209 2384 Controv.
1249 2314 1403 2379 libri
1433 2318 1542 2389 lv,
1576 2314 1754 2398 prael'.
1787 2336 1852 2398 p.
1891 2316 2007 2378 441
2040 2338 2058 2377 ε
2089 2316 2287 2381 Pollio
2324 2318 2574 2380 Asinius

367 2415 645 2482 floridior
681 2431 822 2480 erat
868 2419 1187 2499 aliquanto
1234 2417 1303 2480 in
1342 2417 1748 2481 declamando
1794 2437 1977 2498 quam
2016 2419 2084 2479 in
2114 2420 2375 2499 agendo.
2412 2419 2574 2482 illud

368 2517 655 2581 strictum
693 2513 827 2597 ejus
852 2526 917 2575 et
958 2535 1243 2598 asperum
1282 2527 1348 2576 et
1397 2512 1585 2576 nimis
1635 2526 1840 2576 ratum
1868 2512 1936 2577 in
1982 2509 2248 2578 dicendo
2271 2515 2577 2599 judicium

371 2619 527 2682 adeo
541 2615 850 2690 cessabat,
882 2616 1038 2676 utin
1062 2615 1273 2677 multis
1300 2615 1394 2677 illi
1421 2614 1605 2677 venia
1645 2634 1799 2696 opus
1826 2628 2011 2688 esset,
2044 2633 2176 2696 quae
2202 2617 2281 2678 ab
2306 2617 2439 2698 ipso
2468 2618 2579 2679 vix

372 2716 854 2800 impeti-abatur.

456 2816 627 2902 Dial.
654 2817 732 2877 de
757 2825 943 2877 oratt.
976 2833 1035 2875 c.
1063 2811 1136 2875 21
1175 2833 1192 2873 ε
1227 2809 1502 2884 Asinius,
1535 2832 1904 2896 quamquam
1928 2814 2320 2898 propioribus
2344 2827 2576 2899 tempo·-

379 2911 555 2974 ribus
582 2924 765 2974 natus
781 2911 889 2983 sit,
924 2910 1172 2972 videtur
1191 2907 1345 2971 mihi
1370 2909 1536 2972 inter
1564 2910 1887 2972 Menenios
1907 2922 1972 2972 et
1994 2907 2226 2993 Appios
2251 2913 2578 2974 studuisse.

380 3006 722 3074 Pacuvium
748 3019 921 3072 certe
941 3021 1005 3071 et
1038 3007 1291 3071 Accium
1315 3026 1442 3070 non
1469 3005 1666 3069 solum
1704 3008 2044 3088 tragoediis,
2080 3011 2187 3071 sed
2222 3010 2409 3073 etiam
2446 3031 2581 3073 ora·

381 3103 657 3169 tionibus
677 3107 803 3168 suis
828 3105 1128 3187 expressit
1155 3127 1171 3166 ε
1205 3106 1358 3168 adeo
1388 3105 1581 3168 durus
1602 3117 1668 3168 et
1695 3101 1899 3168 siccus
1924 3118 2040 3170 est.

458 3248 753 3312 Menenios]
791 3243 1073 3298 menenius
1098 3242 1351 3314 Agrippa,
1386 3244 1480 3312 qui
1509 3242 1759 3297 facundia
1789 3257 1887 3296 suu
1914 3239 2125 3317 plebem
2165 3247 2221 3298 in
2256 3246 2586 3299 concordiam

526 3329 811 3382 reduxerat
831 3346 882 3380 a.
904 3329 972 3380 U.
1002 3328 1127 3380 259.
1151 3323 1309 3379 Conf.
1338 3324 1524 3378 Livius
1549 3326 1620 3390 11,
1650 3327 1740 3380 32.

462 3453 695 3523 Appios]
731 3452 939 3523 Appius
963 3451 1170 3511 Cacus,
1193 3450 1288 3521 qui
1313 3443 1485 3503 foedus
1509 3448 1705 3524 ‚Pyrrhi
1730 3450 1984 3506 dissuasit
2000 3470 2050 3505 a.
2080 3455 2143 3505 U.
2178 3454 2301 3505 473.

1310 3649 1648 3694 ORATIONBS
1677 3653 1697 3692 2

491 3823 549 3886 l.
597 3822 762 3886 Dial.
796 3824 892 3886 De
918 3834 1109 3895 oratt,
1144 3821 1223 3883 34
1253 3842 1270 3881 ε
1301 3821 1517 3884 Altero
1543 3822 1924 3886 etvicesimo
1961 3841 2129 3886 anno
2170 3822 2421 3888 Asinius
2456 3821 2592 3891 Pola

404 3922 490 3986 lio
534 3921 603 3984 C.
646 3921 940 3981 Catonem
975 3924 1277 3979 insecutus
1299 3931 1414 3977 est.
2024 3927 2029 3932 ·

479 4060 539 4113 C.
580 4059 855 4124 Catonem]
890 4055 1080 4118 Pollio,
1126 4055 1349 4110 Caesaris
1385 4056 1615 4127 partium
1655 4055 1949 4120 studiosus,
1992 4055 2056 4110 C.
2097 4059 2369 4126 Catonem,
2412 4062 2509 4133 qui
2546 4062 2605 4116 in

549 4143 826 4197 tribunatu
850 4157 950 4192 suo
967 4157 1016 4192 a.
1042 4140 1138 4192 697
1161 4138 1414 4209 Pompeio
1431 4156 1488 4190 se
1511 4136 1844 4204 vendiderat,
1869 4142 2135 4194 accusavit
2148 4141 2351 4215 duplici
2368 4145 2595 4210 actione.

549 4226 667 4302 lege
688 4226 850 4280 sunia
874 4223 1081 4278 Licinia
1112 4235 1169 4276 et
1191 4222 1344 4275 Fufia
1371 4240 1421 4276 a.
1449 4223 1574 4276 699.
1600 4224 1705 4276 Pro
1735 4223 1935 4278 Catone
1973 4224 2224 4281 dixerunt
2264 4228 2329 4281 C.
2360 4230 2599 4287 Licinius

553 4311 751 4366 Calvus
777 4320 832 4363 et
853 4308 932 4361 M.
957 4307 1214 4362 Scaurus.
1248 4303 1404 4358 Couf.
1435 4305 1549 4358 Cic.
1580 4304 1752 4377 Epist.
1785 4306 1850 4359 nd
1886 4308 2050 4361 Attio.
2079 4327 2151 4372 tv,
2188 4312 2269 4373 15.
2307 4314 2389 4376 16,
2434 4316 2517 4368 17.
2538 4343 2606 4359 -

2312 4416 2379 4483 42
