3367 5417
1868 472 1996 543 128

680 582 775 655 26
825 605 1305 667 adversarentur
1333 603 1661 683 rogationi.
1691 600 1893 694 [Conf.
1920 605 2237 667 Plutarch.
2260 606 2326 666 in
2348 607 2488 669 Vita
2509 626 2567 669 c.
2603 606 2701 670 15.
2734 607 3030 670 Ceterum

826 704 998 768 illam
1023 704 1413 783 rogationem
1442 705 1594 768 ferri
1626 725 1753 768 non
1781 707 2053 787 potuisse
2081 719 2226 768 ante
2256 719 2520 770 mortem
2548 707 2851 782 Africani,
2885 708 2930 769 i.
2962 730 3025 771 e.

825 816 975 865 ante
1013 823 1244 865 anuum
1270 805 1414 876 569,
1460 805 1842 866 demonstrat
1872 805 2205 866 Westerm.
2235 824 2297 886 p.
2332 804 2413 866 45
2448 823 2571 884 sq,
2619 803 2708 865 ita
2745 816 2814 865 ut
2848 802 3032 886 hujus

824 905 974 966 anni
997 906 1118 969 569
1140 905 1222 966 sit
1242 905 1462 968 oratio.
1468 903 1497 995 ]
3058 995 3067 1002 ὑ

905 1006 976 1066 L.
1001 1005 1329 1070 Cornelius
1348 1006 1559 1088 Scipio
1588 1006 1898 1069 Asiaticus
1919 1006 2259 1069 comitante
2276 1004 2469 1067 fratre
2484 1005 2780 1068 Africano
2804 1007 3024 1069 adver·

817 1123 920 1166 sus
942 1105 1318 1167 Antiochum
1340 1105 1571 1167 bellum
1592 1104 1779 1184 gessit
1799 1125 1856 1165 a.
1877 1107 1960 1172 U.
1987 1104 2130 1167 563.

1244 1295 1345 1356 12.
1392 1313 1617 1357 onnio
1659 1314 1720 1356 m
1764 1314 1832 1355 ιι.
1882 1313 2151 1356 mmmm
2194 1312 2595 1355 nomuonen.

897 1477 1040 1539 Haec
1083 1478 1284 1540 oratio
1324 1477 1573 1539 videtur
1620 1476 1839 1538 habita
1885 1475 1951 1536 in
2002 1474 2128 1538 fine
2174 1474 2324 1536 anni
2348 1472 2469 1537 566
2500 1473 2602 1535 vel
2640 1473 2825 1536 initio
2858 1475 3019 1538 inse-

815 1576 1082 1655 quentis.
1118 1580 1566 1657 Argumentum
1586 1575 1801 1639 Livius
1827 1574 2199 1657 suppeditat,
2226 1573 2510 1643 XXXIX,
2540 1575 2618 1635 5:
2651 1575 3021 1656 Triumphus

814 1675 899 1734 M.
927 1674 1142 1757 Fulvio
1186 1687 1281 1737 eet
1318 1675 1630 1737 decretus.
1671 1671 2103 1754 Triumphavit
2143 1684 2288 1734 ante
2330 1672 2496 1734 diem
2533 1672 2837 1734 decimum
2865 1672 3013 1734 Kal.

816 1771 1148 1841 Januarias
1183 1776 1259 1837 de
1284 1772 1504 1838 AEtolis
1542 1786 1608 1837 et
1645 1775 1722 1836 de
1753 1772 2180 1855 Cephallenia.
2232 1777 2450 1835 Aureae
2490 1791 2735 1835 corouae
2771 1784 3019 1835 centum

817 1871 1140 1934 duodecim
1168 1872 1375 1954 pondo
1413 1886 1559 1933 ante
1597 1890 1851 1932 currum
1896 1871 2031 1930 latae
2071 1880 2238 1940 sunt,
2285 1871 2533 1949 argenti
2573 1873 2781 1952 pondo
2825 1870 3021 1932 millia

815 1966 1134 2043 octogiuta
1184 1966 1341 2040 tria,
1400 1966 1535 2027 auri
1585 1966 1789 2047 pondo
1837 1966 2104 2027 ducenta
2153 1965 2558 2045 quadraginta
2608 1965 2764 2038 tria,
2826 1977 3018 2027 tetra·

812 2065 1180 2127 drachmum
1209 2064 1486 2129 Atticum
1509 2079 1761 2129 centum
1786 2062 2133 2130 octodecim
2161 2060 2387 2138 millia,
2433 2063 2737 2148 Philippei
2776 2064 3018 2129 nummi

815 2164 1136 2225 duodecim
1174 2160 1373 2225 millia
1409 2160 1851 2243 quadringenti
1877 2163 2100 2241 viginti
2130 2163 2282 2235 duo,
2321 2176 2445 2226 etc.
2493 2164 2718 2225 Multos
2756 2184 2832 2226 eo
2874 2164 3012 2236 die,

813 2260 1166 2340 priusquam
1206 2261 1274 2321 in
1318 2261 1540 2322 urbem
1580 2260 2002 2331 inveheretur,
2051 2261 2119 2322 in
2161 2258 2332 2324 circo
2360 2261 2664 2323 Flaminio
2707 2261 3009 2336 tribunos,

816 2355 1158 2437 praefectos-z,
1185 2359 1447 2437 equiteS,
1473 2358 1873 2420 centuriones
1901 2359 2215 2420 Romanos
2241 2358 2563 2439 sociosque
2586 2358 2766 2422 donis
2786 2357 3013 2424 milita·

811 2455 988 2518 ribus
1012 2458 1289 2520 donavit.
1312 2458 1613 2520 Militibus
1629 2478 1711 2520 ex
1730 2457 1940 2540 proeda
1954 2457 2210 2521 vicenos
2225 2458 2457 2539 quinos,
2470 2459 2758 2523 denarios
2774 2461 3009 2536 divisit,

812 2559 1038 2641 duplex
1060 2558 1438 2629 centurioni,
1464 2560 1694 2641 triplex
1714 2560 1931 2640 equiti.

894 2659 1023 2721 Has
1042 2659 1246 2720 Fulvii
1263 2658 1629 2737 largitiones
1649 2678 1969 2738 aggraesus
1990 2670 2085 2721 est
2104 2659 2282 2722 Cato.

893 2754 1220 2829 Gellium,
1246 2754 1283 2816 6
1301 2780 1318 2814 =
1344 2757 1428 2816 M.
1450 2755 1606 2816 Cato
1634 2755 1869 2839 objecit
1890 2758 1974 2818 M.
1999 2755 2213 2818 Fulvio
2236 2753 2566 2830 Nobiliori,
2591 2758 2753 2837 quod
2775 2758 3005 2821 milites

807 2872 923 2935 per
950 2853 1351 2915 ambitionem
1380 2854 1626 2916 coronis
1650 2850 1979 2917 levissimis
2005 2855 2084 2915 de
2110 2855 2314 2918 causis
2332 2855 2641 2917 donasset.
2673 2855 2771 2918 De
2790 2874 2911 2937 qua
2934 2874 3004 2919 re

807 2951 1003 3013 verba
1023 2951 1156 3033 ipsa
1177 2950 1430 3033 apposui
1450 2951 1705 3015 Catonis
1725 2973 1742 3012 ε

889 3051 1040 3110 Jam
1099 3054 1412 3130 principio
1451 3055 1588 3134 quis
1626 3052 1779 3110 vidit
1794 3097 1815 3124 ,
1872 3070 2100 3112 corona
2141 3050 2363 3111 donari
2400 3070 2765 3136 quemquam
2788 3099 2807 3128 ‚
2857 3074 3001 3113 cum

803 3149 1092 3227 oppidum
1131 3163 1376 3228 captum
1415 3167 1535 3207 non
1573 3162 1755 3218 esset,
1796 3163 1899 3207 aut
1933 3161 2135 3207 castra
2171 3145 2436 3207 hostium
2469 3168 2593 3208 non
2628 3151 2872 3209 mcensa
2903 3168 2996 3210 es-

801 3263 936 3310 sent
953 3246 987 3306 Ρ

867 3385 1015 3450 Jam]
1042 3381 1124 3433 Ita
1149 3380 1268 3433 cod.
1291 3383 1408 3434 Par.
1429 3379 1592 3447 alterg
1620 3393 1677 3433 et
1701 3393 1854 3434 vetuo
1887 3399 1918 3434 a
1951 3400 2058 3437 sec.
2084 3401 2189 3446 m.;
2226 3402 2259 3435 a
2291 3402 2376 3456 pr.
2407 3395 2470 3436 ut
2501 3383 2624 3437 edd.
2655 3385 2810 3438 Nam.
2852 3384 2997 3439 Illud

938 3467 1292 3542 reposuimus.

881 3595 1105 3659 Cicero
1143 3592 1392 3657 Tuscul.
1418 3595 1467 3668 1,
1509 3592 1583 3655 2:
1617 3591 1809 3656 «Sero
1838 3612 1875 3654 a
1904 3594 2130 3656 nostris
2157 3607 2354 3676 poetae
2380 3596 2481 3657 vel
2508 3595 2745 3675 cogniti
2777 3597 2878 3659 vel
2899 3616 2996 3659 re·

797 3692 987 3772 cepti.
1019 3694 1405 3774 Quamquam
1437 3692 1624 3753 estin
1649 3691 2035 3771 OriginibuS,
2067 3692 2278 3756 solitos
2305 3713 2437 3755 esse
2458 3692 2524 3754 in
2547 3692 2746 3775 epulis
2766 3713 2996 3758 canere

792 3789 1090 3851 convivas
1106 3791 1183 3851 ad
1203 3789 1522 3853 tibicinem
1543 3790 1621 3850 de
1640 3791 1953 3852 clarorum
1972 3791 2289 3852 hominum
2304 3791 2671 3864 virtutibu53
2690 3792 2993 3855 honorem

791 3899 1002 3949 tamen
1041 3887 1184 3950 huic
1225 3882 1444 3966 generi
1488 3905 1613 3947 non
1656 3884 1841 3948 fuisse
1879 3887 2160 3948 declarat
2198 3892 2392 3948 orau'o
2439 3888 2709 3958 Catonis,
2762 3892 2831 3948 iu
2877 3911 2992 3974 qua

790 3982 1015 4069 objecit
1041 4003 1103 4047 ut
1134 3987 1434 4066 probrum
1471 3985 1573 4046 M.
1617 3985 1943 4057 Nobiliori,
1973 3989 2136 4071 quod
2168 3993 2225 4049 is
2255 3993 2319 4048 in
2353 3993 2743 4069 provinciam
2778 4005 2991 4069 poetas

790 4087 1090 4148 duxisset.
1123 4088 1404 4149 Duxerat
1437 4099 1643 4148 autem
1680 4087 1896 4148 consul
1930 4086 2036 4149 ille
2066 4083 2256 4168 (anno
2289 4088 2437 4175 564)
2466 4090 2535 4152 in
2562 4091 2877 4163 AEtoliam,
2918 4102 2990 4151 ut

790 4182 1048 4258 seimus,
1093 4185 1380 4245 Ennium.
1431 4186 1612 4245 Hunc
1648 4202 1727 4245 ex
1762 4182 2052 4247 Sardinia
2086 4186 2217 4266 ipsc
2247 4186 2403 4249 Cato
2431 4200 2695 4267 quaestor
2730 4191 2989 4251 Romam

791 4282 1130 4342 deduxerat
1157 4301 1324 4342 anno
1348 4284 1491 4343 550.
1536 4277 1759 4369 [Recte
1785 4283 2119 4345 observare
2147 4285 2394 4347 videtur
2424 4284 2693 4350 Bolhuis.
2726 4306 2786 4368 p.
2824 4285 2941 4347 12ss
2968 4308 2985 4347 τ
