3367 5417
1856 406 1990 477 120

837 536 1181 600 Catoniana
1210 539 1576 614 existimem,
1605 539 1757 601 facit
1775 542 2099 624 multiplex
2118 542 2228 603 illa
2253 554 2317 603 et
2345 563 2485 605 eum
2514 540 2823 623 dignitate
2854 547 3039 609 vehe-

837 657 1012 699 mens
1055 639 1390 702 verborum
1438 659 1769 721 rerumque
1833 643 1910 703 ad
1962 661 2147 704 unam
2202 640 2519 705 notionem
2567 645 3039 727 exprimendam

835 741 1250 819 exaggeratio.
1272 738 1343 828 »j

1131 937 1192 998 2.
1242 955 1466 998 omno
1497 955 1670 1008 Quin
1706 954 1876 996 mxu·
1905 954 2229 997 nummum
2260 956 2422 997 Arm>
2462 956 2735 1011 tom-ms.

932 1152 962 1185 α
999 1130 1145 1191 Hoec
1196 1125 1399 1191 oratio
1444 1129 1694 1190 videtur
1738 1124 1957 1189 habita
2004 1128 2072 1189 in
2121 1143 2459 1210 quoestura,
2516 1148 2656 1190 cum
2702 1130 2772 1191 in
2817 1131 3033 1195 Africa

833 1240 1096 1310 quaestor
1126 1241 1289 1289 esset
1325 1230 1400 1290 P.
1426 1225 1703 1310 Scipioni
1747 1222 1986 1287 consuli
2033 1227 2109 1286 ad
2149 1225 2381 1288 bellum
2408 1223 2713 1288 Punicum
2744 1227 2830 1288 11.
2881 1230 3030 1292 Pro·

830 1331 989 1393 secto
1039 1327 1106 1390 id
1154 1327 1385 1392 accidit
1430 1330 1541 1390 sub
1596 1345 1831 1388 annum
1882 1326 2001 1390 549
2052 1328 2356 1391 Tuditano
2408 1339 2471 1388 et
2522 1326 2800 1411 Cethego
2850 1328 3023 1392 CosS.

829 1430 1054 1493 Cicero
1093 1426 1163 1490 iu
1192 1429 1428 1491 Catone
1469 1441 1532 1490 et
1574 1427 1804 1499 Bruto,
1837 1427 2040 1509 Nepos
2068 1440 2133 1487 et
2158 1427 2390 1488 Livius.
2425 1450 2454 1482 »
2498 1425 2768 1504 Popma.
2801 1427 3032 1491 Errare

825 1526 1079 1611 videtur
1107 1532 1359 1610 Popma,
1393 1530 1555 1609 quod
1577 1527 1733 1589 Cato
1760 1538 2022 1606 quaestor
2049 1523 2119 1588 in
2149 1524 2369 1589 Sicilia
2395 1538 2457 1587 et
2483 1525 2700 1589 Africa
2721 1527 3031 1609 stipendia

824 1628 994 1706 fecit,
1031 1632 1253 1695 nonin
1281 1628 1603 1712 Hispania.
1639 1628 1795 1689 Vide
1840 1625 2049 1706 Pighii
2090 1627 2316 1689 Annal.
2354 1627 2482 1689 vol.
2523 1628 2606 1702 11,
2646 1649 2709 1711 p.
2753 1629 2895 1689 221.
2945 1633 3031 1691 At

825 1751 968 1793 cum
1009 1730 1226 1793 consul
1255 1744 1395 1791 erat
1434 1750 1597 1791 anno
1630 1730 1777 1804 558,
1823 1724 1893 1790 in
1938 1724 2193 1806 regione
2232 1726 2723 1801 Celtiberorum,
2770 1748 3029 1808 quorum

822 1842 1008 1910 caput
1037 1841 1133 1891 est
1159 1824 1528 1901 Numantia,
1576 1825 1744 1887 bella
1769 1822 1982 1904 gessit.
2029 1824 2165 1887 Liv.
2198 1824 2486 1896 xxxlv,
2534 1827 2572 1887 8
2598 1850 2614 1884 =
2652 1826 2746 1888 Μ.
2774 1824 3030 1885 Porcius

821 1930 1052 2000 consul,
1084 1943 1408 2011 postquam
1436 1925 1732 2005 abrogata
1763 1939 1856 1985 est
1887 1926 2086 2003 Oppia
2113 1924 2245 1994 Iex,
2277 1925 2589 2003 extemplo
2614 1928 2840 2004 viginti
2857 1931 3027 2010 quin-

819 2050 938 2114 que
972 2027 1225 2091 navibus
1270 2029 1503 2107 longiS,
1551 2046 1809 2108 quarum
1841 2029 2096 2109 quinque
2135 2029 2437 2086 sociorum
2468 2039 2673 2100 erant,
2716 2026 2801 2083 ad
2824 2026 3026 2088 Lunae

815 2141 1065 2205 portum
1086 2125 1419 2206 projectus,
1466 2124 1683 2183 eodem
1712 2126 1990 2185 exercitu
2017 2126 2340 2182 convenire
2365 2117 2546 2203 jusso
2585 2137 2644 2181 et
2678 2123 2876 2183 edicto
2910 2144 3031 2201 per

818 2244 998 2284 oram
1027 2226 1407 2281 maritimam
1438 2224 1624 2279 misso
1652 2218 1899 2279 navibus
1927 2223 2126 2279 omnis
2145 2224 2390 2299 generis
2410 2225 2733 2280 contractis
2757 2219 2838 2279 ab
2854 2220 3027 2279 Luna

813 2319 1213 2399 proficiscens
1240 2318 1437 2375 ediscit
1446 2359 1468 2386 ,
1511 2331 1571 2374 ut
1609 2316 1697 2375 ad
1717 2315 1974 2374 Portum
2003 2314 2297 2395 Pyrenoei
2319 2331 2709 2400 sequeremur
2725 2341 2748 2375 .-
2792 2318 2933 2375 inde
2961 2338 3025 2376 se

797 2419 1121 2501 frequenti
1147 2417 1344 2477 classe
1368 2417 1456 2476 ad
1475 2413 1676 2475 hostes
1705 2418 1951 2475 iturum.
1984 2414 2387 2476 Praetervecti
2412 2414 2766 2495 Ligustinos
2794 2431 3027 2477 montes

816 2518 1136 2598 sinumque
1165 2511 1468 2573 Gallicum
1511 2513 1596 2570 ad
1631 2512 1827 2587 diem,
1870 2532 2054 2595 quam
2096 2512 2401 2582 edixerat,
2444 2527 2865 2574 convenerunt.
2917 2514 2983 2571 A
2987 2513 3025 2571 b

818 2610 1032 2671 Rhoda
1075 2611 1334 2671 secundo
1377 2623 1558 2668 vento
1586 2604 1922 2687 Emporias
1957 2619 2333 2686 perventum.
2386 2609 2672 2672 Fortasse
2711 2629 2861 2688 ergo
2900 2610 3022 2670 hoe

815 2732 981 2774 anno
1024 2711 1372 2774 Numantiae
1417 2709 1727 2791 equitibus
1769 2712 2127 2773 convocatis
2168 2711 2518 2773 orationem
2561 2708 2781 2773 habuit
2824 2709 3017 2784 Cato,

815 2808 1057 2889 qualem
1084 2809 1143 2868 ei
1166 2808 1375 2870 Livius
1402 2808 1628 2869 tribuit
1656 2804 1745 2867 ib.
1776 2829 1834 2869 e.
1860 2806 1934 2867 13
1959 2828 1976 2868 ε
2008 2807 2130 2867 Ubi
2156 2813 2305 2868 satis
2332 2809 2662 2869 admodum
2688 2825 2747 2868 et
2775 2830 3020 2870 suorum

683 2907 767 2977 18
817 2920 878 2965 et
904 2905 1166 2967 hostium
1204 2910 1447 2969 animos
1475 2922 1567 2968 est
1591 2920 1905 2986 expertus,
1939 2912 2261 2969 convocari
2282 2907 2549 2968 tribunos
2569 2910 3020 2994 praefectosque

808 3018 869 3063 et
895 3009 1120 3089 equites
1140 3025 1353 3065 omnes
1380 3019 1441 3063 et
1465 3008 1841 3064 centuriones
1858 2998 2069 3084 jussit.
2105 3002 2395 3083 TempuS,
2417 3004 2642 3086 inquit,
2671 3006 2837 3088 quod
2853 3026 3019 3083 soepe

807 3106 1087 3181 optastis,
1120 3107 1308 3179 venit,
1337 3112 1461 3163 etc.

889 3190 968 3249 A.
998 3188 1165 3251 Gell.
1199 3187 1369 3260 XVI,
1404 3184 1431 3244 1
1463 3207 1479 3246 ε
1513 3183 1854 3266 Comparat
1897 3187 2170 3269 scriptor
2208 3187 2446 3248 dictum
2494 3185 2767 3251 Musonii
2813 3187 3015 3269 philo·

804 3281 982 3365 sophi
1012 3304 1153 3346 cum
1191 3283 1441 3361 egregia
1486 3281 1801 3344 sententia
1843 3280 1911 3343 in
1956 3281 2213 3345 Catonis
2250 3284 2553 3369 oratione·
2570 3282 2795 3368 posita,
2833 3306 3015 3368 quam

802 3382 963 3446 dixit
1004 3378 1353 3446 Numantiae
1385 3384 1547 3463 apud
1575 3378 1856 3461 equites:
1899 3382 2173 3463 Cogitate
2211 3405 2352 3443 cum
2395 3390 2626 3446 animis
2664 3392 2917 3461 vostr-125,
2964 3391 3019 3447 si

799 3483 948 3566 quid
970 3503 1084 3541 vos
1106 3500 1226 3560 per
1249 3477 1523 3538 laborem
1550 3480 2034 3561 rectefhceritiS,
2067 3479 2242 3540 labor
2265 3480 2366 3541 ille
2406 3504 2447 3541 a
2489 3481 2670 3545 vobis
2699 3487 2823 3543 cito
2849 3504 3014 3543 rece·

800 3578 901 3636 det
921 3603 942 3635 .-
978 3576 1389 3657 benefactum
1416 3595 1457 3632 a
1484 3572 1684 3644 vobis,
1718 3575 1861 3633 dum
1892 3579 2120 3645 vivitis,
2151 3596 2271 3636 non
2305 3576 2610 3637 abscedet.
2658 3579 2791 3638 Sed
2807 3582 2868 3638 si
2894 3601 3015 3663 qua

795 3697 915 3755 pet·
949 3678 1324 3757 voluptatem
1365 3680 1639 3760 nequiter
1656 3677 1978 3756 feceritis,
2016 3676 2299 3755 voluptas
2325 3682 2441 3738 cito
2469 3676 2661 3738 abibit
2685 3704 2707 3736 .-
2739 3683 3015 3764 nequiter

781 3775 1032 3855 factum
1057 3774 1210 3834 illud
1231 3774 1399 3853 apud
1421 3794 1532 3832 vos
1561 3792 1807 3850 semper
1829 3772 2116 3833 manebit.

817 3880 824 3889 ι
871 3909 1052 3972 Editio
1076 3910 1209 3964 1493
1236 3911 1435 3963 omittit
1456 3927 1541 3962 vos
1566 3907 1623 3960 in
1649 3906 1765 3960 illis
1787 3907 1840 3959 si
1858 3905 1992 3977 quid
2011 3925 2119 3970 vos,
2149 3920 2261 3961 tum
2285 3908 2485 3963 vivetis.
2514 3910 2577 3962 In
2603 3908 2736 3964 edit.
2760 3912 3012 3965 Cor-tiana

940 3997 1144 4073 legitur
1164 3996 1260 4049 sed
1280 3995 1334 4049 ,τί
1349 4013 1485 4067 quoe.

881 4132 1131 4192 Festus:
1184 4127 1565 4204 optionatus,
1606 4132 1674 4181 ut
1709 4117 2135 4196 Pontificatus,
2169 4121 2624 4186 Decurionatns
2653 4124 2902 4198 dieitur,
2936 4137 3010 4185 ut

799 4234 953 4297 Cato
990 4227 1061 4287 in
1099 4243 1196 4297 ea,
1241 4242 1427 4314 quam·
1463 4217 1684 4282 habuit
1712 4219 1872 4301 apud
1908 4217 2183 4299 equites·
2216 4217 2495 4303 Major-es
2522 4243 2793 4284 seorsum
2820 4236 3011 4305 atque
