3367 5417
1852 479 1991 550 302

1507 743 1728 814 LXV.
1789 745 1882 815 M.
1928 743 2329 815 Favonius.

898 953 1056 1015 Cum
1083 952 1253 1012 locus
1280 968 1356 1012 ex
1381 948 1670 1016 oratione
1692 947 2011 1024 Favorini,
2040 946 2270 1011 veteris
2295 943 2587 1018 oratoris,
2611 948 2688 1010 de
2709 966 3027 1010 coenarum

813 1064 996 1132 atque
1024 1049 1281 1110 luxurioe
1297 1044 1810 1128 opprobratione,
1838 1065 1960 1128 qua
1989 1056 2266 1118 ususest.
2298 1064 2483 1125 quum
2500 1044 2702 1123 legem
2718 1041 3027 1108 Liciniam

813 1151 890 1212 de
935 1160 1179 1233 sumptu
1224 1147 1558 1209 minuendo
1600 1142 1818 1223 suasit,
1862 1145 2025 1228 apud
2050 1144 2326 1210 Gellium
2366 1155 2773 1217 metuuntur,
2814 1165 3032 1208 omnes

813 1248 1273 1331 inquisiverunt
1314 1247 1524 1310 sedulo
1565 1249 1859 1323 editores,
1910 1249 2051 1329 quis
2095 1245 2203 1309 ille
2244 1243 2328 1309 sit
2372 1248 2420 1308 F
2421 1248 2759 1310 evorinus:
2796 1246 3028 1310 nemini

727 1379 740 1410 e
813 1364 1021 1414 tamen
1063 1348 1325 1428 contigit
1367 1348 1594 1412 afferre
1623 1345 1861 1430 aliquid
1906 1349 1983 1410 de
2024 1348 2144 1409 hoc
2186 1348 2497 1430 scriptore
2528 1347 2704 1412 lucis.
2756 1348 2919 1409 Nam
2960 1345 3027 1409 in

813 1448 947 1527 lege
977 1445 1220 1510 Licinia
1246 1445 1324 1506 de
1351 1457 1594 1528 sumptu
1626 1445 1987 1520 minuendo,
2007 1463 2143 1528 quae
2173 1464 2211 1507 a
2239 1444 2557 1510 Macrobio
2586 1458 2652 1507 et
2671 1445 2882 1510 Gellio
2908 1446 3030 1507 lau·

812 1548 1015 1621 datur,
1047 1541 1347 1610 Favorini
1380 1545 1549 1608 nulla
1575 1544 1648 1606 fit
1676 1546 1938 1610 mentio.
1973 1546 2199 1609 Obiter
2230 1557 2440 1610 autem
2465 1544 2797 1610 occasione
2824 1545 3034 1609 oblata

812 1666 1059 1721 moneo,
1096 1667 1354 1719 annum,
1387 1666 1508 1728 quo
1549 1667 1627 1710 ea
1668 1648 1771 1714 lex
1808 1647 1897 1709 sit
1936 1648 2087 1723 lata,
2118 1647 2294 1710 vario
2333 1648 2519 1710 modo
2559 1667 2597 1709 a
2640 1645 2793 1709 viris
2833 1649 3034 1710 doctis

812 1747 1126 1809 constitui.
1151 1747 1508 1810 Gronovius
1527 1748 1697 1809 enim
1715 1748 1793 1808 ad
1810 1747 1977 1810 Gen.
2004 1748 2092 1822 11,
2118 1747 2223 1819 24,
2251 1766 2418 1812 anno
2449 1733 2572 1806 666
2591 1766 2732 1809 eam
2754 1748 3032 1826 assignat

821 1840 974 1935 [nou
1015 1845 1136 1909 666
1169 1845 1350 1916 dicit,
1391 1856 1460 1908 ut
1503 1843 1873 1928 typographi
1917 1843 2111 1928 ipsius
2150 1859 2513 1929 posuerunt,
2547 1846 2656 1907 sed
2690 1844 2841 1919 656,
2882 1864 3022 1906 enm

813 1947 998 2008 addat
1040 1944 1425 2010 consulatum
1469 1942 1544 2007 C.
1587 1940 1819 2006 Licinii
1861 1942 2070 2008 Crassi
2117 1956 2185 2007 et
2229 1942 2348 2008 Cn.
2389 1943 2671 2008 Cornelii
2710 1938 3021 2032 Lentuli],

812 2042 1077 2106 Baebius
1105 2043 1171 2104 in
1202 2043 1363 2105 Hist.
1385 2038 1657 2123 Jurispr.
1698 2062 1763 2124 p.
1795 2042 1911 2105 165
1943 2043 2024 2104 ad
2064 2061 2302 2104 annum
2339 2041 2459 2105 657
2496 2037 2725 2132 [656‘1‘]
2760 2060 2899 2102 eam
2928 2061 3027 2103 re-

811 2143 955 2218 fert,
981 2139 1236 2218 Pighius
1258 2145 1337 2210 ad
1364 2161 1601 2210 annum
1626 2140 1773 2216 647,
1806 2140 2269 2208 Freinshemius
2294 2142 2564 2224 denique
2585 2138 2753 2224 (vide
2774 2142 3030 2224 Supple-

813 2252 1019 2300 menta
1062 2239 1324 2301 Liviana
1369 2238 1437 2298 in
1479 2237 1525 2298 l.
1563 2238 1781 2311 LXIV,
1824 2257 1884 2299 c.
1927 2238 2033 2326 52)
2064 2239 2143 2300 ad
2181 2256 2414 2300 annum
2452 2237 2601 2300 642.
2654 2239 2869 2321 Nuper
2915 2239 3019 2298 Fr.

809 2337 1175 2400 Wiillnerus
1203 2336 1268 2397 in
1289 2336 1710 2402 Commentat-
1735 2336 1813 2397 de
1838 2337 2041 2402 Loevio
2068 2351 2252 2420 poeta
2272 2334 2580 2419 (Allgem.
2602 2336 3023 2416 Schadoeitung

816 2437 1004 2512 1830,
1033 2435 1333 2497 Decemb.
1363 2457 1429 2500 n.
1457 2435 1597 2520 155)
1616 2436 1858 2509 statuit,
1884 2439 1958 2500 P.
1984 2435 2296 2504 Licinium
2318 2438 2610 2504 Crassum
2636 2438 2703 2500 in
2726 2453 3020 2521 proetura,

805 2555 989 2616 quam
1027 2554 1197 2600 anno
1228 2533 1352 2598 650
1379 2532 1571 2614 gessit
1601 2530 1697 2616 (ut
1734 2555 1808 2597 ex
1849 2533 2055 2615 Pighii
2084 2533 2437 2600 Annalibus
2476 2535 2600 2599 vol.
2643 2537 2764 2608 111,
2805 2557 2875 2619 p.
2905 2538 3019 2599 156

806 2634 1099 2717 apparet)
1151 2634 1351 2714 legem
1398 2636 1843 2718 sumptuariam
1894 2635 2127 2700 tulisse.
2185 2638 2411 2717 Legem
2454 2633 2761 2699 Liciniam
2804 2632 2945 2700 ideo
2985 2656 3024 2698 a

805 2733 1031 2800 Crasso
1071 2744 1337 2814 proetore
1377 2733 1567 2798 latam
1607 2752 1741 2795 esse
1780 2730 1974 2809 dicit,
2018 2734 2165 2815 qnia
2208 2731 2565 2800 Macrobius
2604 2733 2734 2797 Sat.
2772 2735 2877 2807 11,
2916 2734 3017 2808 13,

804 2829 1130 2912 plerasque
1169 2830 1339 2908 lege·
1377 2830 1795 2910 sumptuarias
1842 2849 1880 2890 a
1932 2830 2302 2912 praetorihus
2346 2824 2455 2896 aut
2500 2827 2778 2892 tribunis
2821 2830 3021 2912 plebis

805 2928 1224 3012 promulgatas
1252 2930 1626 2994 tradiderit:
1673 2930 1906 2993 nullam
1953 2943 2162 2993 tamen
2201 2929 2509 3012 reliquam
2532 2951 2707 3004 esse,
2756 2935 2963 3012 quum.
2984 2953 3019 2993 a

804 3044 1070 3112 praetore
1122 3030 1576 3112 promulgatam
1627 3050 1766 3093 esse
1817 3030 2129 3104 dicamus,
2189 3044 2419 3113 praeter
2468 3030 2822 3108 Liciniam3
2882 3051 3023 3093 cum

804 3130 1034 3196 deinde
1051 3130 1331 3198 Lucilius
1366 3132 1434 3198 iu
1464 3131 1850 3198 carminibus
1879 3128 2009 3196 suis
2036 3129 2353 3198 Liciniam
2378 3132 2578 3212 legem
2604 3130 3016 3212 significaret.

805 3227 977 3312 isque
1017 3231 1354 3296 seeundum
1389 3227 1764 3314 Hieronymi
1813 3228 2230 3296 testimonium
2289 3228 2622 3314 (Chronic.
2670 3230 2894 3296 Euseb.
2939 3234 3019 3293 ad

801 3328 904 3392 01.
934 3326 1205 3400 CLXIX,
1234 3327 1297 3411 2)
1326 3346 1494 3392 armo
1535 3330 1619 3394 U.
1660 3327 1781 3389 651
1828 3327 2089 3408 Neapoli
2133 3324 2300 3390 diem
2343 3327 2622 3404 obiisset,
2668 3326 3021 3393 necessario

804 3429 1199 3492 statuendum
1238 3446 1396 3502 esse,
1441 3440 1587 3487 ante
1632 3426 1786 3488 illud
1831 3438 2074 3508 tempus
2115 3427 2317 3507 legem
2360 3427 2668 3490 Liciniam
2711 3425 3019 3491 sancitam

805 3525 1011 3587 fluisse.
1057 3525 1181 3590 Sed
1221 3521 1302 3590 ad
1340 3524 1729 3605 propositum
1768 3535 2054 3588 nostrum
2100 3537 2517 3590 revertamur.
2564 3524 2866 3590 Favorini
2906 3527 3022 3588 inis

805 3626 1187 3707 temporibus
1218 3644 1515 3706 nunquam
1541 3627 1778 3692 mentio
1804 3624 1972 3690 facta
1999 3638 2117 3701 est,
2149 3641 2335 3711 atque
2363 3628 2519 3691 adeo
2549 3645 2779 3696 nomen
2815 3647 2851 3688 a
2882 3648 3021 3709 pro-

799 3725 989 3803 genie
1016 3724 1299 3786 Romana
1326 3724 1649 3786 abhorret.
1676 3721 1954 3790 Pithoeus
1982 3724 2219 3783 Fannii
2264 3744 2487 3793 nomen
2519 3725 2827 3786 Favorino
2871 3745 3021 3807 prae-

805 3822 982 3895 tulit,
1025 3820 1373 3903 praesertim
1408 3840 1550 3884 cum
1594 3822 1872 3888 Fannius
1917 3822 2049 3904 ipse
2089 3835 2316 3897 antea,
2366 3834 2436 3886 ut
2474 3822 3014 3906 constat‚1egem

802 3915 1248 4002 sumptuariam
1267 3918 1570 3986 dedisset:
1594 3938 1815 3982 verum
1833 3938 2037 4001 neque
2054 3920 2219 4001 apud
2237 3920 2582 4003 scriptores
2608 3934 3009 3991 memorauit,

804 4021 1108 4084 Fannium
1137 4017 1444 4088 Liciniam
1467 4040 1710 4104 quoque
1740 4020 1935 4099 legem
1962 4021 2411 4102 sumptuariam
2439 4017 2731 4093 suasisse,
2759 4041 2879 4084 nec
2907 4041 3011 4082 au·

807 4140 1028 4183 norum
1055 4121 1328 4203 spatium
1355 4120 1700 4203 permittit,
1734 4120 2073 4197 Fannium,
2106 4122 2213 4202 qui
2251 4121 2320 4184 in
2357 4122 2685 4190 consulatu
2712 4142 2826 4184 suo
2856 4141 3016 4183 auno

804 4222 883 4284 U.
911 4222 1036 4285 592
1064 4223 1260 4299 legem
1287 4223 1575 4295 dederat,
1611 4222 1795 4284 fuisse
1824 4222 1976 4301 legis
2002 4222 2259 4284 Licinioe
2296 4242 2638 4298 suasorem,
2690 4243 2827 4304 qum
2854 4240 3013 4284 anno

805 4316 1062 4382 circiter
1092 4319 1242 4394 650,
1279 4333 1412 4402 post
1453 4320 1751 4382 Fanniam
1779 4333 2013 4402 septem
2042 4332 2106 4382 et
2136 4316 2587 4405 quinquaginta
2618 4341 2849 4397 annos,
2892 4320 3017 4384 lata
