<?xml version="1.0" encoding="UTF-8"?>
<!DOCTYPE html PUBLIC "-//W3C//DTD XHTML 1.0 Transitional//EN"
    "http://www.w3.org/TR/xhtml1/DTD/xhtml1-transitional.dtd">
<html xmlns="http://www.w3.org/1999/xhtml" xml:lang="en" lang="en">
 <head>
  <title>
</title>
<meta http-equiv="Content-Type" content="text/html;charset=utf-8" />
  <meta name='ocr-system' content='tesseract 3.04.00' />
  <meta name='ocr-capabilities' content='ocr_page ocr_carea ocr_par ocr_line ocrx_word'/>
</head>
<body>
  <div class='ocr_page' id='page_1' title='image "./oratorumromanor00ellegoog_0081.png"; bbox 0 0 3367 5417; ppageno 0'>
   <div class='ocr_carea' id='block_1_1' title="bbox 1365 466 1448 536">
    <p class='ocr_par' dir='ltr' id='par_1_1' title="bbox 1365 466 1448 536">
     <span class='ocr_line' id='line_1_1' title="bbox 1365 466 1448 536; baseline 0 0"><span class='ocrx_word' id='word_1_1' title='bbox 1365 466 1448 536; x_wconf 87' lang='grc'><strong>61</strong></span> 
     </span>
    </p>
   </div>
   <div class='ocr_carea' id='block_1_2' title="bbox 314 598 2518 784">
    <p class='ocr_par' dir='ltr' id='par_1_2' title="bbox 314 598 2518 784">
     <span class='ocr_line' id='line_1_2' title="bbox 315 598 2518 684; baseline -0.001 -18"><span class='ocrx_word' id='word_1_2' title='bbox 315 617 543 666; x_wconf 81' lang='lat' dir='ltr'><strong>nomen</strong></span> <span class='ocrx_word' id='word_1_3' title='bbox 569 599 859 664; x_wconf 85' lang='lat' dir='ltr'><strong>lectionis</strong></span> <span class='ocrx_word' id='word_1_4' title='bbox 885 603 1241 684; x_wconf 74' lang='lat' dir='ltr'><strong>corruptela</strong></span> <span class='ocrx_word' id='word_1_5' title='bbox 1268 603 1576 666; x_wconf 83' lang='lat' dir='ltr'><strong>incertum</strong></span> <span class='ocrx_word' id='word_1_6' title='bbox 1605 613 1723 670; x_wconf 76' lang='lat' dir='ltr'><strong>est,</strong></span> <span class='ocrx_word' id='word_1_7' title='bbox 1763 621 1966 684; x_wconf 81' lang='lat' dir='ltr'><strong>neque</strong></span> <span class='ocrx_word' id='word_1_8' title='bbox 1994 603 2062 663; x_wconf 89' lang='lat' dir='ltr'><strong>in</strong></span> <span class='ocrx_word' id='word_1_9' title='bbox 2088 598 2518 666; x_wconf 80' lang='lat' dir='ltr'><strong>Ciceronianis</strong></span> 
     </span>
     <span class='ocr_line' id='line_1_3' title="bbox 314 699 2511 784; baseline -0.002 -19"><span class='ocrx_word' id='word_1_10' title='bbox 314 702 486 765; x_wconf 83' lang='lat' dir='ltr'><strong>locus</strong></span> <span class='ocrx_word' id='word_1_11' title='bbox 514 713 739 775; x_wconf 80' lang='lat' dir='ltr'><strong>exstat,</strong></span> <span class='ocrx_word' id='word_1_12' title='bbox 769 722 891 782; x_wconf 81' lang='lat' dir='ltr'><strong>quo</strong></span> <span class='ocrx_word' id='word_1_13' title='bbox 920 722 1146 766; x_wconf 89' lang='lat' dir='ltr'><strong>nomen</strong></span> <span class='ocrx_word' id='word_1_14' title='bbox 1170 701 1305 784; x_wconf 82' lang='lat' dir='ltr'><strong>ejus</strong></span> <span class='ocrx_word' id='word_1_15' title='bbox 1330 703 1650 776; x_wconf 76' lang='lat' dir='ltr'><strong>afferatur,</strong></span> <span class='ocrx_word' id='word_1_16' title='bbox 1681 723 1821 766; x_wconf 87' lang='lat' dir='ltr'><strong>cum</strong></span> <span class='ocrx_word' id='word_1_17' title='bbox 1851 702 2191 766; x_wconf 58' lang='lat' dir='ltr'><strong>Dolabella}</strong></span> <span class='ocrx_word' id='word_1_18' title='bbox 2224 715 2290 763; x_wconf 88' lang='lat' dir='ltr'><strong>et</strong></span> <span class='ocrx_word' id='word_1_19' title='bbox 2313 699 2511 764; x_wconf 87' lang='lat' dir='ltr'><strong>Hirtii</strong></span> 
     </span>
    </p>
   </div>
   <div class='ocr_carea' id='block_1_3' title="bbox 313 798 2518 982">
    <p class='ocr_par' dir='ltr' id='par_1_3' title="bbox 313 798 2518 982">
     <span class='ocr_line' id='line_1_4' title="bbox 313 798 2518 883; baseline -0.001 -18"><span class='ocrx_word' id='word_1_20' title='bbox 313 803 535 883; x_wconf 73' lang='lat' dir='ltr'><strong>saepius</strong></span> <span class='ocrx_word' id='word_1_21' title='bbox 566 800 679 863; x_wconf 85' lang='lat' dir='ltr'><strong>fiat</strong></span> <span class='ocrx_word' id='word_1_22' title='bbox 712 802 968 865; x_wconf 87' lang='lat' dir='ltr'><strong>mentio.</strong></span> <span class='ocrx_word' id='word_1_23' title='bbox 1010 803 1135 867; x_wconf 85' lang='lat' dir='ltr'><strong>Sed</strong></span> <span class='ocrx_word' id='word_1_24' title='bbox 1156 822 1372 865; x_wconf 88' lang='lat' dir='ltr'><strong>rursus</strong></span> <span class='ocrx_word' id='word_1_25' title='bbox 1396 805 1609 865; x_wconf 79' lang='lat' dir='ltr'><strong>Pansoe</strong></span> <span class='ocrx_word' id='word_1_26' title='bbox 1636 818 1870 866; x_wconf 79' lang='lat' dir='ltr'><strong>nomeu</strong></span> <span class='ocrx_word' id='word_1_27' title='bbox 1892 799 2018 864; x_wconf 85' lang='lat' dir='ltr'><strong>illis</strong></span> <span class='ocrx_word' id='word_1_28' title='bbox 2043 799 2318 864; x_wconf 84' lang='lat' dir='ltr'><strong>additum</strong></span> <span class='ocrx_word' id='word_1_29' title='bbox 2345 798 2518 862; x_wconf 81' lang='lat' dir='ltr'><strong>vide-</strong></span> 
     </span>
     <span class='ocr_line' id='line_1_5' title="bbox 313 896 2517 982; baseline -0.001 -20"><span class='ocrx_word' id='word_1_30' title='bbox 313 919 452 962; x_wconf 79' lang='lat' dir='ltr'><strong>mus</strong></span> <span class='ocrx_word' id='word_1_31' title='bbox 478 896 745 982; x_wconf 80' lang='lat' dir='ltr'><strong>Quintil.</strong></span> <span class='ocrx_word' id='word_1_32' title='bbox 778 900 1066 972; x_wconf 83' lang='lat' dir='ltr'><strong>x11,11,</strong></span> <span class='ocrx_word' id='word_1_33' title='bbox 1099 898 1165 975; x_wconf 88' lang='grc'><strong>6,</strong></span> <span class='ocrx_word' id='word_1_34' title='bbox 1204 913 1270 962; x_wconf 89' lang='lat' dir='ltr'><strong>et</strong></span> <span class='ocrx_word' id='word_1_35' title='bbox 1302 920 1340 962; x_wconf 88' lang='lat' dir='ltr'><strong>a</strong></span> <span class='ocrx_word' id='word_1_36' title='bbox 1364 900 1657 964; x_wconf 79' lang='lat' dir='ltr'><strong>Suetonio</strong></span> <span class='ocrx_word' id='word_1_37' title='bbox 1690 901 1786 962; x_wconf 86' lang='lat' dir='ltr'><strong>De</strong></span> <span class='ocrx_word' id='word_1_38' title='bbox 1827 900 1984 961; x_wconf 83' lang='lat' dir='ltr'><strong>clar.</strong></span> <span class='ocrx_word' id='word_1_39' title='bbox 2025 900 2217 961; x_wconf 85' lang='lat' dir='ltr'><strong>rhett.</strong></span> <span class='ocrx_word' id='word_1_40' title='bbox 2245 900 2305 974; x_wconf 90' lang='grc'><strong>1,</strong></span> <span class='ocrx_word' id='word_1_41' title='bbox 2344 919 2409 980; x_wconf 88' lang='lat' dir='ltr'><strong>p.</strong></span> <span class='ocrx_word' id='word_1_42' title='bbox 2437 898 2517 960; x_wconf 86' lang='grc'><strong>30</strong></span> 
     </span>
    </p>
   </div>
   <div class='ocr_carea' id='block_1_4' title="bbox 315 994 2521 1276">
    <p class='ocr_par' dir='ltr' id='par_1_4' title="bbox 315 994 2521 1276">
     <span class='ocr_line' id='line_1_6' title="bbox 315 994 2517 1080; baseline -0.001 -20"><span class='ocrx_word' id='word_1_43' title='bbox 315 998 415 1060; x_wconf 85' lang='lat' dir='ltr'><strong>ed.</strong></span> <span class='ocrx_word' id='word_1_44' title='bbox 439 996 630 1061; x_wconf 80' lang='lat' dir='ltr'><strong>Wolf.</strong></span> <span class='ocrx_word' id='word_1_45' title='bbox 665 997 747 1058; x_wconf 87' lang='lat' dir='ltr'><strong>Et</strong></span> <span class='ocrx_word' id='word_1_46' title='bbox 766 994 1052 1059; x_wconf 77' lang='lat' dir='ltr'><strong>Wolffius</strong></span> <span class='ocrx_word' id='word_1_47' title='bbox 1088 997 1346 1061; x_wconf 85' lang='lat' dir='ltr'><strong>alterius</strong></span> <span class='ocrx_word' id='word_1_48' title='bbox 1382 997 1504 1060; x_wconf 87' lang='lat' dir='ltr'><strong>loci</strong></span> <span class='ocrx_word' id='word_1_49' title='bbox 1529 994 1943 1080; x_wconf 83' lang='lat' dir='ltr'><strong>Quintilianei</strong></span> <span class='ocrx_word' id='word_1_50' title='bbox 1970 1015 2232 1072; x_wconf 77' lang='lat' dir='ltr'><strong>memor,</strong></span> <span class='ocrx_word' id='word_1_51' title='bbox 2263 995 2517 1058; x_wconf 85' lang='lat' dir='ltr'><strong>nimium</strong></span> 
     </span>
     <span class='ocr_line' id='line_1_7' title="bbox 315 1093 2517 1161; baseline -0.001 -1"><span class='ocrx_word' id='word_1_52' title='bbox 315 1115 536 1160; x_wconf 78' lang='lat' dir='ltr'><strong>severe</strong></span> <span class='ocrx_word' id='word_1_53' title='bbox 558 1098 774 1160; x_wconf 78' lang='lat' dir='ltr'><strong>Pansoe</strong></span> <span class='ocrx_word' id='word_1_54' title='bbox 800 1115 1027 1159; x_wconf 83' lang='lat' dir='ltr'><strong>nomeu</strong></span> <span class='ocrx_word' id='word_1_55' title='bbox 1056 1097 1246 1159; x_wconf 88' lang='lat' dir='ltr'><strong>etiam</strong></span> <span class='ocrx_word' id='word_1_56' title='bbox 1268 1099 1347 1159; x_wconf 88' lang='lat' dir='ltr'><strong>de</strong></span> <span class='ocrx_word' id='word_1_57' title='bbox 1363 1097 1660 1161; x_wconf 83' lang='lat' dir='ltr'><strong>Suetonio</strong></span> <span class='ocrx_word' id='word_1_58' title='bbox 1678 1096 1816 1159; x_wconf 91' lang='lat' dir='ltr'><strong>tolli</strong></span> <span class='ocrx_word' id='word_1_59' title='bbox 1832 1096 1989 1158; x_wconf 84' lang='lat' dir='ltr'><strong>vult.</strong></span> <span class='ocrx_word' id='word_1_60' title='bbox 2023 1100 2108 1158; x_wconf 76' lang='lat' dir='ltr'><strong>At</strong></span> <span class='ocrx_word' id='word_1_61' title='bbox 2128 1098 2296 1159; x_wconf 87' lang='lat' dir='ltr'><strong>hunc</strong></span> <span class='ocrx_word' id='word_1_62' title='bbox 2316 1093 2517 1160; x_wconf 81' lang='lat' dir='ltr'><strong>virum</strong></span> 
     </span>
     <span class='ocr_line' id='line_1_8' title="bbox 315 1190 2521 1276; baseline -0 -21"><span class='ocrx_word' id='word_1_63' title='bbox 315 1191 400 1255; x_wconf 89' lang='lat' dir='ltr'><strong>ob</strong></span> <span class='ocrx_word' id='word_1_64' title='bbox 426 1193 790 1273; x_wconf 64' lang='lat' dir='ltr'><strong>eloquentia</strong></span> <span class='ocrx_word' id='word_1_65' title='bbox 808 1191 1012 1256; x_wconf 82' lang='lat' dir='ltr'><strong>studia</strong></span> <span class='ocrx_word' id='word_1_66' title='bbox 1058 1195 1355 1257; x_wconf 87' lang='lat' dir='ltr'><strong>dilectum</strong></span> <span class='ocrx_word' id='word_1_67' title='bbox 1370 1190 1664 1258; x_wconf 85' lang='lat' dir='ltr'><strong>Ciceroni</strong></span> <span class='ocrx_word' id='word_1_68' title='bbox 1693 1194 1878 1257; x_wconf 80' lang='lat' dir='ltr'><strong>fuisse</strong></span> <span class='ocrx_word' id='word_1_69' title='bbox 1903 1193 2069 1255; x_wconf 88' lang='lat' dir='ltr'><strong>liber</strong></span> <span class='ocrx_word' id='word_1_70' title='bbox 2097 1194 2157 1257; x_wconf 91' lang='lat' dir='ltr'><strong>ei</strong></span> <span class='ocrx_word' id='word_1_71' title='bbox 2185 1191 2521 1276; x_wconf 85' lang='lat' dir='ltr'><strong>inscriptus</strong></span> 
     </span>
    </p>
   </div>
   <div class='ocr_carea' id='block_1_5' title="bbox 315 1293 2644 1376">
    <p class='ocr_par' dir='ltr' id='par_1_5' title="bbox 315 1293 2644 1376">
     <span class='ocr_line' id='line_1_9' title="bbox 315 1293 2644 1376; baseline -0.002 -20"><span class='ocrx_word' id='word_1_72' title='bbox 315 1293 589 1356; x_wconf 80' lang='lat' dir='ltr'><strong>ostendit</strong></span> <span class='ocrx_word' id='word_1_73' title='bbox 618 1293 718 1353; x_wconf 80' lang='lat' dir='ltr'><strong>De</strong></span> <span class='ocrx_word' id='word_1_74' title='bbox 742 1308 900 1368; x_wconf 78' lang='lat' dir='ltr'><strong>arte,</strong></span> <span class='ocrx_word' id='word_1_75' title='bbox 920 1314 1105 1376; x_wconf 84' lang='lat' dir='ltr'><strong>quem</strong></span> <span class='ocrx_word' id='word_1_76' title='bbox 1136 1294 1370 1360; x_wconf 83' lang='lat' dir='ltr'><strong>Nonius</strong></span> <span class='ocrx_word' id='word_1_77' title='bbox 1402 1306 1843 1360; x_wconf 87' lang='lat' dir='ltr'><strong>commemorat</strong></span> <span class='ocrx_word' id='word_1_78' title='bbox 1869 1313 1932 1376; x_wconf 89' lang='lat' dir='ltr'><strong>p.</strong></span> <span class='ocrx_word' id='word_1_79' title='bbox 1987 1294 2092 1367; x_wconf 86' lang='lat'><strong>30,</strong></span> <span class='ocrx_word' id='word_1_80' title='bbox 2138 1314 2203 1356; x_wconf 83' lang='lat' dir='ltr'><strong>v.</strong></span> <span class='ocrx_word' id='word_1_81' title='bbox 2237 1296 2521 1357; x_wconf 73' lang='lat' dir='ltr'><strong>lnaudcte</strong></span> <span class='ocrx_word' id='word_1_82' title='bbox 2639 1295 2644 1300; x_wconf 80' lang='grc'><strong><em>’</em></strong></span> 
     </span>
    </p>
   </div>
   <div class='ocr_carea' id='block_1_6' title="bbox 309 1386 2523 3931">
    <p class='ocr_par' dir='ltr' id='par_1_6' title="bbox 309 1386 2523 3931">
     <span class='ocr_line' id='line_1_10' title="bbox 327 1386 2516 1480; baseline 0 -24"><span class='ocrx_word' id='word_1_83' title='bbox 327 1386 421 1480; x_wconf 84' lang='lat' dir='ltr'><strong>[p.</strong></span> <span class='ocrx_word' id='word_1_84' title='bbox 472 1393 611 1469; x_wconf 89' lang='grc'><strong>126,</strong></span> <span class='ocrx_word' id='word_1_85' title='bbox 656 1393 755 1470; x_wconf 77' lang='grc' dir='ltr'><strong>ΙἸ,</strong></span> <span class='ocrx_word' id='word_1_86' title='bbox 800 1392 1015 1455; x_wconf 80' lang='lat' dir='ltr'><strong>nbiad</strong></span> <span class='ocrx_word' id='word_1_87' title='bbox 1040 1395 1358 1475; x_wconf 82' lang='lat' dir='ltr'><strong>Pansam;</strong></span> <span class='ocrx_word' id='word_1_88' title='bbox 1385 1408 1454 1459; x_wconf 88' lang='lat' dir='ltr'><strong>et</strong></span> <span class='ocrx_word' id='word_1_89' title='bbox 1477 1395 1765 1458; x_wconf 87' lang='lat' dir='ltr'><strong>similiter</strong></span> <span class='ocrx_word' id='word_1_90' title='bbox 1787 1415 1849 1477; x_wconf 87' lang='lat' dir='ltr'><strong>p.</strong></span> <span class='ocrx_word' id='word_1_91' title='bbox 1883 1395 2027 1471; x_wconf 84' lang='grc'><strong>509,</strong></span> <span class='ocrx_word' id='word_1_92' title='bbox 2079 1395 2151 1456; x_wconf 82' lang='lat'><strong>17</strong></span> <span class='ocrx_word' id='word_1_93' title='bbox 2174 1408 2241 1457; x_wconf 91' lang='lat' dir='ltr'><strong>et</strong></span> <span class='ocrx_word' id='word_1_94' title='bbox 2271 1394 2374 1469; x_wconf 83' lang='lat'><strong>92,</strong></span> <span class='ocrx_word' id='word_1_95' title='bbox 2410 1394 2516 1467; x_wconf 89' lang='grc'><strong>21,</strong></span> 
     </span>
     <span class='ocr_line' id='line_1_11' title="bbox 309 1488 2523 1582; baseline 0.001 -30"><span class='ocrx_word' id='word_1_96' title='bbox 309 1488 423 1552; x_wconf 86' lang='lat' dir='ltr'><strong>nbi</strong></span> <span class='ocrx_word' id='word_1_97' title='bbox 450 1490 555 1551; x_wconf 78' lang='lat' dir='ltr'><strong>lib.</strong></span> <span class='ocrx_word' id='word_1_98' title='bbox 606 1492 724 1551; x_wconf 88' lang='lat'><strong>111</strong></span> <span class='ocrx_word' id='word_1_99' title='bbox 771 1488 1317 1582; x_wconf 69' lang='lat' dir='ltr'><strong>commemoratur]</strong></span> <span class='ocrx_word' id='word_1_100' title='bbox 1337 1540 1352 1554; x_wconf 97' lang='lat'><strong>.</strong></span> <span class='ocrx_word' id='word_1_101' title='bbox 1402 1493 1581 1576; x_wconf 84' lang='lat' dir='ltr'><strong>Quin</strong></span> <span class='ocrx_word' id='word_1_102' title='bbox 1617 1492 1808 1553; x_wconf 88' lang='lat' dir='ltr'><strong>etiam</strong></span> <span class='ocrx_word' id='word_1_103' title='bbox 1848 1490 2113 1553; x_wconf 77' lang='lat' dir='ltr'><strong>Plancus</strong></span> <span class='ocrx_word' id='word_1_104' title='bbox 2152 1491 2231 1554; x_wconf 96' lang='lat' dir='ltr'><strong>ob</strong></span> <span class='ocrx_word' id='word_1_105' title='bbox 2274 1493 2523 1571; x_wconf 79' lang='lat' dir='ltr'><strong>elegans</strong></span> 
     </span>
     <span class='ocr_line' id='line_1_12' title="bbox 312 1585 2520 1668; baseline -0.001 -18"><span class='ocrx_word' id='word_1_106' title='bbox 312 1585 636 1668; x_wconf 77' lang='lat' dir='ltr'><strong>ingenium</strong></span> <span class='ocrx_word' id='word_1_107' title='bbox 692 1589 771 1650; x_wconf 89' lang='lat' dir='ltr'><strong>ad</strong></span> <span class='ocrx_word' id='word_1_108' title='bbox 819 1589 932 1650; x_wconf 83' lang='lat' dir='ltr'><strong>bas</strong></span> <span class='ocrx_word' id='word_1_109' title='bbox 974 1590 1458 1651; x_wconf 70' lang='lat' dir='ltr'><strong>exercitationes</strong></span> <span class='ocrx_word' id='word_1_110' title='bbox 1507 1586 1808 1654; x_wconf 83' lang='lat' dir='ltr'><strong>admissus</strong></span> <span class='ocrx_word' id='word_1_111' title='bbox 1855 1600 1974 1647; x_wconf 85' lang='lat' dir='ltr'><strong>est.</strong></span> <span class='ocrx_word' id='word_1_112' title='bbox 2021 1590 2098 1649; x_wconf 89' lang='lat' dir='ltr'><strong>V.</strong></span> <span class='ocrx_word' id='word_1_113' title='bbox 2143 1588 2391 1649; x_wconf 84' lang='lat' dir='ltr'><strong>Ruhnk.</strong></span> <span class='ocrx_word' id='word_1_114' title='bbox 2443 1589 2520 1649; x_wconf 86' lang='lat' dir='ltr'><strong>ad</strong></span> 
     </span>
     <span class='ocr_line' id='line_1_13' title="bbox 319 1682 2522 1768; baseline -0.002 -19"><span class='ocrx_word' id='word_1_115' title='bbox 319 1685 542 1749; x_wconf 84' lang='lat' dir='ltr'><strong>Vellei.</strong></span> <span class='ocrx_word' id='word_1_116' title='bbox 582 1687 671 1760; x_wconf 89' lang='lat'><strong>11,</strong></span> <span class='ocrx_word' id='word_1_117' title='bbox 706 1685 812 1760; x_wconf 92' lang='grc'><strong>63,</strong></span> <span class='ocrx_word' id='word_1_118' title='bbox 856 1704 920 1766; x_wconf 88' lang='lat' dir='ltr'><strong>p.</strong></span> <span class='ocrx_word' id='word_1_119' title='bbox 969 1682 1116 1747; x_wconf 86' lang='grc'><strong>285.</strong></span> <span class='ocrx_word' id='word_1_120' title='bbox 1153 1686 1336 1768; x_wconf 89' lang='lat' dir='ltr'><strong>Quod</strong></span> <span class='ocrx_word' id='word_1_121' title='bbox 1369 1686 1424 1745; x_wconf 89' lang='lat' dir='ltr'><strong>si</strong></span> <span class='ocrx_word' id='word_1_122' title='bbox 1479 1685 1615 1765; x_wconf 86' lang='lat' dir='ltr'><strong>quis</strong></span> <span class='ocrx_word' id='word_1_123' title='bbox 1649 1702 1877 1763; x_wconf 85' lang='lat' dir='ltr'><strong>negare</strong></span> <span class='ocrx_word' id='word_1_124' title='bbox 1921 1683 2106 1746; x_wconf 78' lang='lat' dir='ltr'><strong>vellet</strong></span> <span class='ocrx_word' id='word_1_125' title='bbox 2127 1727 2145 1756; x_wconf 92' lang='lat'><strong>,</strong></span> <span class='ocrx_word' id='word_1_126' title='bbox 2189 1688 2404 1748; x_wconf 87' lang='lat' dir='ltr'><strong>eadem</strong></span> <span class='ocrx_word' id='word_1_127' title='bbox 2446 1686 2522 1746; x_wconf 90' lang='lat' dir='ltr'><strong>de</strong></span> 
     </span>
     <span class='ocr_line' id='line_1_14' title="bbox 319 1779 2519 1861; baseline -0.001 -17"><span class='ocrx_word' id='word_1_128' title='bbox 319 1800 529 1855; x_wconf 85' lang='lat' dir='ltr'><strong>causa,</strong></span> <span class='ocrx_word' id='word_1_129' title='bbox 562 1797 699 1861; x_wconf 67' lang='lat' dir='ltr'><strong>que</strong></span> <span class='ocrx_word' id='word_1_130' title='bbox 725 1782 795 1842; x_wconf 89' lang='lat' dir='ltr'><strong>in</strong></span> <span class='ocrx_word' id='word_1_131' title='bbox 824 1781 1030 1843; x_wconf 83' lang='lat' dir='ltr'><strong>Pansa</strong></span> <span class='ocrx_word' id='word_1_132' title='bbox 1056 1781 1321 1856; x_wconf 87' lang='lat' dir='ltr'><strong>obtinet,</strong></span> <span class='ocrx_word' id='word_1_133' title='bbox 1346 1779 1487 1842; x_wconf 84' lang='lat' dir='ltr'><strong>fieri</strong></span> <span class='ocrx_word' id='word_1_134' title='bbox 1508 1781 1751 1844; x_wconf 85' lang='lat' dir='ltr'><strong>liceret.</strong></span> <span class='ocrx_word' id='word_1_135' title='bbox 1777 1781 1938 1842; x_wconf 85' lang='lat' dir='ltr'><strong>Nam</strong></span> <span class='ocrx_word' id='word_1_136' title='bbox 1949 1799 2148 1860; x_wconf 88' lang='lat' dir='ltr'><strong>neque</strong></span> <span class='ocrx_word' id='word_1_137' title='bbox 2167 1782 2329 1861; x_wconf 87' lang='lat' dir='ltr'><strong>apud</strong></span> <span class='ocrx_word' id='word_1_138' title='bbox 2345 1781 2519 1842; x_wconf 84' lang='lat' dir='ltr'><strong>Cice·</strong></span> 
     </span>
     <span class='ocr_line' id='line_1_15' title="bbox 317 1875 2519 1961; baseline -0 -21"><span class='ocrx_word' id='word_1_139' title='bbox 317 1896 535 1940; x_wconf 81' lang='lat' dir='ltr'><strong>renem</strong></span> <span class='ocrx_word' id='word_1_140' title='bbox 569 1898 771 1958; x_wconf 87' lang='lat' dir='ltr'><strong>neque</strong></span> <span class='ocrx_word' id='word_1_141' title='bbox 797 1880 963 1959; x_wconf 83' lang='lat' dir='ltr'><strong>apud</strong></span> <span class='ocrx_word' id='word_1_142' title='bbox 988 1875 1449 1961; x_wconf 84' lang='lat' dir='ltr'><strong>Quintilianum</strong></span> <span class='ocrx_word' id='word_1_143' title='bbox 1488 1875 1736 1940; x_wconf 86' lang='lat' dir='ltr'><strong>disertis</strong></span> <span class='ocrx_word' id='word_1_144' title='bbox 1767 1877 1977 1940; x_wconf 77' lang='lat' dir='ltr'><strong>verbis</strong></span> <span class='ocrx_word' id='word_1_145' title='bbox 2001 1889 2402 1940; x_wconf 88' lang='lat' dir='ltr'><strong>memoratur.</strong></span> <span class='ocrx_word' id='word_1_146' title='bbox 2438 1913 2519 1924; x_wconf 92' lang='lat'><strong>--</strong></span> 
     </span>
     <span class='ocr_line' id='line_1_16' title="bbox 314 1974 2517 2056; baseline -0.002 -17"><span class='ocrx_word' id='word_1_147' title='bbox 314 1975 441 2039; x_wconf 79' lang='lat' dir='ltr'><strong>sed</strong></span> <span class='ocrx_word' id='word_1_148' title='bbox 459 1974 637 2037; x_wconf 87' lang='lat' dir='ltr'><strong>multi</strong></span> <span class='ocrx_word' id='word_1_149' title='bbox 671 1977 790 2038; x_wconf 88' lang='lat' dir='ltr'><strong>hac</strong></span> <span class='ocrx_word' id='word_1_150' title='bbox 810 1987 995 2037; x_wconf 73' lang='lat' dir='ltr'><strong>aetate</strong></span> <span class='ocrx_word' id='word_1_151' title='bbox 1023 1976 1308 2038; x_wconf 78' lang='lat' dir='ltr'><strong>rhetores</strong></span> <span class='ocrx_word' id='word_1_152' title='bbox 1340 1977 1549 2038; x_wconf 79' lang='lat' dir='ltr'><strong>Romae</strong></span> <span class='ocrx_word' id='word_1_153' title='bbox 1574 1975 2053 2047; x_wconf 85' lang='lat' dir='ltr'><strong>increbuerunt,</strong></span> <span class='ocrx_word' id='word_1_154' title='bbox 2094 1976 2174 2037; x_wconf 91' lang='lat' dir='ltr'><strong>ad</strong></span> <span class='ocrx_word' id='word_1_155' title='bbox 2196 1995 2352 2056; x_wconf 85' lang='lat' dir='ltr'><strong>quos</strong></span> <span class='ocrx_word' id='word_1_156' title='bbox 2391 1988 2517 2036; x_wconf 87' lang='lat' dir='ltr'><strong>stu-</strong></span> 
     </span>
     <span class='ocr_line' id='line_1_17' title="bbox 312 2055 2516 2153; baseline -0 -19"><span class='ocrx_word' id='word_1_157' title='bbox 312 2055 470 2134; x_wconf 76' lang='lat' dir='ltr'><strong>diosi</strong></span> <span class='ocrx_word' id='word_1_158' title='bbox 483 2071 745 2153; x_wconf 77' lang='lat' dir='ltr'><strong>juvenes</strong></span> <span class='ocrx_word' id='word_1_159' title='bbox 765 2090 899 2134; x_wconf 85' lang='lat' dir='ltr'><strong>sese</strong></span> <span class='ocrx_word' id='word_1_160' title='bbox 927 2071 1286 2134; x_wconf 76' lang='lat' dir='ltr'><strong>conferrent</strong></span> <span class='ocrx_word' id='word_1_161' title='bbox 1304 2072 1733 2135; x_wconf 75' lang='lat' dir='ltr'><strong>declamatori.</strong></span> <span class='ocrx_word' id='word_1_162' title='bbox 1770 2073 1956 2134; x_wconf 88' lang='lat' dir='ltr'><strong>Tales</strong></span> <span class='ocrx_word' id='word_1_163' title='bbox 1988 2071 2244 2135; x_wconf 83' lang='lat' dir='ltr'><strong>suerunt</strong></span> <span class='ocrx_word' id='word_1_164' title='bbox 2271 2074 2353 2134; x_wconf 86' lang='grc' dir='ltr'><strong>Μ.</strong></span> <span class='ocrx_word' id='word_1_165' title='bbox 2388 2075 2516 2133; x_wconf 78' lang='lat' dir='ltr'><strong>An·</strong></span> 
     </span>
     <span class='ocr_line' id='line_1_18' title="bbox 312 2166 2516 2253; baseline -0.001 -20"><span class='ocrx_word' id='word_1_166' title='bbox 312 2170 521 2233; x_wconf 86' lang='lat' dir='ltr'><strong>tonius</strong></span> <span class='ocrx_word' id='word_1_167' title='bbox 557 2170 833 2252; x_wconf 86' lang='lat' dir='ltr'><strong>Gnipho,</strong></span> <span class='ocrx_word' id='word_1_168' title='bbox 877 2189 1058 2253; x_wconf 87' lang='lat' dir='ltr'><strong>quem</strong></span> <span class='ocrx_word' id='word_1_169' title='bbox 1100 2166 1292 2232; x_wconf 88' lang='lat' dir='ltr'><strong>etiam</strong></span> <span class='ocrx_word' id='word_1_170' title='bbox 1326 2183 1554 2251; x_wconf 78' lang='lat' dir='ltr'><strong>proetor</strong></span> <span class='ocrx_word' id='word_1_171' title='bbox 1591 2168 1830 2232; x_wconf 81' lang='lat' dir='ltr'><strong>audivit</strong></span> <span class='ocrx_word' id='word_1_172' title='bbox 1855 2168 2075 2233; x_wconf 86' lang='lat' dir='ltr'><strong>Cicero</strong></span> <span class='ocrx_word' id='word_1_173' title='bbox 2106 2170 2379 2253; x_wconf 91' lang='lat' dir='ltr'><strong>(Sueton.</strong></span> <span class='ocrx_word' id='word_1_174' title='bbox 2423 2171 2516 2232; x_wconf 85' lang='lat' dir='ltr'><strong>De</strong></span> 
     </span>
     <span class='ocr_line' id='line_1_19' title="bbox 315 2267 2511 2358; baseline -0 -25"><span class='ocrx_word' id='word_1_175' title='bbox 315 2268 475 2333; x_wconf 86' lang='lat' dir='ltr'><strong>clar.</strong></span> <span class='ocrx_word' id='word_1_176' title='bbox 499 2289 759 2349; x_wconf 87' lang='lat' dir='ltr'><strong>gramm.</strong></span> <span class='ocrx_word' id='word_1_177' title='bbox 792 2284 857 2332; x_wconf 90' lang='lat' dir='ltr'><strong>et</strong></span> <span class='ocrx_word' id='word_1_178' title='bbox 877 2270 1022 2334; x_wconf 90' lang='lat' dir='ltr'><strong>inde</strong></span> <span class='ocrx_word' id='word_1_179' title='bbox 1043 2269 1362 2351; x_wconf 81' lang='lat' dir='ltr'><strong>Spalding.</strong></span> <span class='ocrx_word' id='word_1_180' title='bbox 1396 2272 1475 2333; x_wconf 88' lang='lat' dir='ltr'><strong>ad</strong></span> <span class='ocrx_word' id='word_1_181' title='bbox 1501 2267 1774 2353; x_wconf 84' lang='lat' dir='ltr'><strong>Quintil.</strong></span> <span class='ocrx_word' id='word_1_182' title='bbox 1810 2272 1869 2346; x_wconf 93' lang='lat'><strong>1,</strong></span> <span class='ocrx_word' id='word_1_183' title='bbox 1897 2273 1959 2347; x_wconf 85' lang='lat'><strong>6,</strong></span> <span class='ocrx_word' id='word_1_184' title='bbox 1988 2272 2122 2358; x_wconf 80' lang='lat'>23);</span> <span class='ocrx_word' id='word_1_185' title='bbox 2147 2273 2220 2333; x_wconf 92' lang='lat' dir='ltr'><strong>L.</strong></span> <span class='ocrx_word' id='word_1_186' title='bbox 2254 2269 2511 2341; x_wconf 88' lang='lat' dir='ltr'><strong>Plotius,</strong></span> 
     </span>
     <span class='ocr_line' id='line_1_20' title="bbox 317 2365 2511 2450; baseline -0.001 -20"><span class='ocrx_word' id='word_1_187' title='bbox 317 2367 420 2430; x_wconf 85' lang='lat' dir='ltr'><strong>cui</strong></span> <span class='ocrx_word' id='word_1_188' title='bbox 448 2369 527 2429; x_wconf 86' lang='lat' dir='ltr'><strong>ad</strong></span> <span class='ocrx_word' id='word_1_189' title='bbox 552 2368 833 2430; x_wconf 85' lang='lat' dir='ltr'><strong>ultimam</strong></span> <span class='ocrx_word' id='word_1_190' title='bbox 861 2386 1051 2448; x_wconf 85' lang='lat' dir='ltr'><strong>usque</strong></span> <span class='ocrx_word' id='word_1_191' title='bbox 1077 2379 1459 2430; x_wconf 87' lang='lat' dir='ltr'><strong>senectutem</strong></span> <span class='ocrx_word' id='word_1_192' title='bbox 1486 2365 1774 2450; x_wconf 88' lang='lat' dir='ltr'><strong>discipuli</strong></span> <span class='ocrx_word' id='word_1_193' title='bbox 1804 2387 1929 2429; x_wconf 94' lang='lat' dir='ltr'><strong>non</strong></span> <span class='ocrx_word' id='word_1_194' title='bbox 1951 2369 2278 2431; x_wconf 83' lang='lat' dir='ltr'><strong>defuerunt</strong></span> <span class='ocrx_word' id='word_1_195' title='bbox 2308 2368 2511 2450; x_wconf 81' lang='lat' dir='ltr'><strong>(cons.</strong></span> 
     </span>
     <span class='ocr_line' id='line_1_21' title="bbox 312 2464 2514 2550; baseline -0 -22"><span class='ocrx_word' id='word_1_196' title='bbox 312 2468 353 2550; x_wconf 75' lang='lat' dir='ltr'>S</span> <span class='ocrx_word' id='word_1_197' title='bbox 386 2466 534 2544; x_wconf 83' lang='lat'><strong>10);</strong></span> <span class='ocrx_word' id='word_1_198' title='bbox 568 2466 660 2529; x_wconf 85' lang='lat' dir='ltr'><strong>sic</strong></span> <span class='ocrx_word' id='word_1_199' title='bbox 686 2464 1048 2548; x_wconf 90' lang='lat' dir='ltr'><strong>Pompeium</strong></span> <span class='ocrx_word' id='word_1_200' title='bbox 1078 2468 1288 2530; x_wconf 90' lang='lat' dir='ltr'><strong>docuit</strong></span> <span class='ocrx_word' id='word_1_201' title='bbox 1315 2469 1388 2529; x_wconf 95' lang='lat' dir='ltr'><strong>T.</strong></span> <span class='ocrx_word' id='word_1_202' title='bbox 1421 2467 1727 2532; x_wconf 83' lang='lat' dir='ltr'><strong>Otacilius</strong></span> <span class='ocrx_word' id='word_1_203' title='bbox 1747 2467 1971 2534; x_wconf 84' lang='lat' dir='ltr'><strong>Pilitus</strong></span> <span class='ocrx_word' id='word_1_204' title='bbox 1994 2468 2202 2550; x_wconf 87' lang='lat' dir='ltr'><strong>(Suet.</strong></span> <span class='ocrx_word' id='word_1_205' title='bbox 2232 2470 2329 2530; x_wconf 88' lang='lat' dir='ltr'><strong>De</strong></span> <span class='ocrx_word' id='word_1_206' title='bbox 2356 2469 2514 2531; x_wconf 88' lang='lat' dir='ltr'><strong>clar.</strong></span> 
     </span>
     <span class='ocr_line' id='line_1_22' title="bbox 313 2565 2512 2652; baseline -0.001 -21"><span class='ocrx_word' id='word_1_207' title='bbox 313 2568 510 2631; x_wconf 85' lang='lat' dir='ltr'><strong>rhett.</strong></span> <span class='ocrx_word' id='word_1_208' title='bbox 529 2589 591 2631; x_wconf 91' lang='lat' dir='ltr'><strong>c.</strong></span> <span class='ocrx_word' id='word_1_209' title='bbox 620 2568 684 2630; x_wconf 83' lang='lat'><strong>3.</strong></span> <span class='ocrx_word' id='word_1_210' title='bbox 710 2565 785 2652; x_wconf 64' lang='lat'><strong>¹⁴²)</strong></span> <span class='ocrx_word' id='word_1_211' title='bbox 814 2593 831 2645; x_wconf 82' lang='lat'>3</span> <span class='ocrx_word' id='word_1_212' title='bbox 857 2569 1114 2649; x_wconf 85' lang='lat' dir='ltr'><strong>Epidius</strong></span> <span class='ocrx_word' id='word_1_213' title='bbox 1138 2568 1473 2630; x_wconf 73' lang='lat' dir='ltr'><strong>Antonium</strong></span> <span class='ocrx_word' id='word_1_214' title='bbox 1501 2580 1567 2630; x_wconf 92' lang='lat' dir='ltr'><strong>et</strong></span> <span class='ocrx_word' id='word_1_215' title='bbox 1584 2568 2000 2633; x_wconf 78' lang='lat' dir='ltr'><strong>Octavianum</strong></span> <span class='ocrx_word' id='word_1_216' title='bbox 2023 2570 2107 2647; x_wconf 89' lang='lat' dir='ltr'><strong>(l.</strong></span> <span class='ocrx_word' id='word_1_217' title='bbox 2141 2570 2250 2632; x_wconf 88' lang='lat' dir='ltr'><strong>cit.</strong></span> <span class='ocrx_word' id='word_1_218' title='bbox 2285 2589 2347 2631; x_wconf 92' lang='lat' dir='ltr'><strong>c.</strong></span> <span class='ocrx_word' id='word_1_219' title='bbox 2378 2569 2443 2630; x_wconf 80' lang='lat'><strong>4.</strong></span> <span class='ocrx_word' id='word_1_220' title='bbox 2464 2571 2512 2652; x_wconf 86' lang='lat'><strong>)‚</strong></span> 
     </span>
     <span class='ocr_line' id='line_1_23' title="bbox 314 2665 2515 2751; baseline -0 -19"><span class='ocrx_word' id='word_1_221' title='bbox 314 2680 382 2732; x_wconf 85' lang='lat' dir='ltr'><strong>et</strong></span> <span class='ocrx_word' id='word_1_222' title='bbox 406 2667 581 2731; x_wconf 90' lang='lat' dir='ltr'><strong>illum</strong></span> <span class='ocrx_word' id='word_1_223' title='bbox 609 2668 799 2731; x_wconf 76' lang='lat' dir='ltr'><strong>etiam</strong></span> <span class='ocrx_word' id='word_1_224' title='bbox 831 2668 978 2732; x_wconf 84' lang='lat' dir='ltr'><strong>Sex.</strong></span> <span class='ocrx_word' id='word_1_225' title='bbox 1021 2668 1295 2742; x_wconf 87' lang='lat' dir='ltr'><strong>Clodius,</strong></span> <span class='ocrx_word' id='word_1_226' title='bbox 1324 2670 1401 2730; x_wconf 92' lang='lat' dir='ltr'><strong>de</strong></span> <span class='ocrx_word' id='word_1_227' title='bbox 1428 2687 1547 2750; x_wconf 92' lang='lat' dir='ltr'><strong>quo</strong></span> <span class='ocrx_word' id='word_1_228' title='bbox 1578 2669 1872 2750; x_wconf 83' lang='lat' dir='ltr'><strong>frequens</strong></span> <span class='ocrx_word' id='word_1_229' title='bbox 1901 2670 1969 2732; x_wconf 88' lang='lat' dir='ltr'><strong>in</strong></span> <span class='ocrx_word' id='word_1_230' title='bbox 2007 2665 2372 2751; x_wconf 80' lang='lat' dir='ltr'><strong>Philippicis</strong></span> <span class='ocrx_word' id='word_1_231' title='bbox 2414 2668 2515 2731; x_wconf 82' lang='lat' dir='ltr'><strong>ci·</strong></span> 
     </span>
     <span class='ocr_line' id='line_1_24' title="bbox 317 2762 2513 2843; baseline -0.001 -16"><span class='ocrx_word' id='word_1_232' title='bbox 317 2784 491 2840; x_wconf 88' lang='lat' dir='ltr'><strong>cero,</strong></span> <span class='ocrx_word' id='word_1_233' title='bbox 525 2785 588 2826; x_wconf 84' lang='lat' dir='ltr'><strong>v.</strong></span> <span class='ocrx_word' id='word_1_234' title='bbox 623 2765 710 2836; x_wconf 91' lang='lat'><strong>11,</strong></span> <span class='ocrx_word' id='word_1_235' title='bbox 742 2763 823 2841; x_wconf 76' lang='lat'><strong>45</strong></span> <span class='ocrx_word' id='word_1_236' title='bbox 855 2764 973 2837; x_wconf 90' lang='lat'><strong>111,</strong></span> <span class='ocrx_word' id='word_1_237' title='bbox 1021 2767 1083 2835; x_wconf 88' lang='grc'><strong>9,</strong></span> <span class='ocrx_word' id='word_1_238' title='bbox 1116 2764 1297 2842; x_wconf 79' lang='lat' dir='ltr'><strong>alibi3</strong></span> <span class='ocrx_word' id='word_1_239' title='bbox 1330 2766 1498 2827; x_wconf 79' lang='lat' dir='ltr'><strong>conf.</strong></span> <span class='ocrx_word' id='word_1_240' title='bbox 1536 2767 1712 2830; x_wconf 89' lang='lat' dir='ltr'><strong>Suet.</strong></span> <span class='ocrx_word' id='word_1_241' title='bbox 1760 2766 1805 2826; x_wconf 92' lang='lat' dir='ltr'><strong>l.</strong></span> <span class='ocrx_word' id='word_1_242' title='bbox 1840 2787 1900 2829; x_wconf 89' lang='lat' dir='ltr'><strong>c.</strong></span> <span class='ocrx_word' id='word_1_243' title='bbox 1946 2768 2008 2843; x_wconf 87' lang='grc'><strong>5,</strong></span> <span class='ocrx_word' id='word_1_244' title='bbox 2037 2762 2431 2828; x_wconf 86' lang='lat' dir='ltr'><strong>Lactantium</strong></span> <span class='ocrx_word' id='word_1_245' title='bbox 2465 2767 2513 2840; x_wconf 88' lang='grc'><strong>1,</strong></span> 
     </span>
     <span class='ocr_line' id='line_1_25' title="bbox 320 2864 2518 2949; baseline 0.001 -23"><span class='ocrx_word' id='word_1_246' title='bbox 320 2865 426 2926; x_wconf 87' lang='grc'><strong>22.</strong></span> <span class='ocrx_word' id='word_1_247' title='bbox 459 2898 537 2912; x_wconf 91' lang='grc'>-</span> <span class='ocrx_word' id='word_1_248' title='bbox 566 2864 905 2926; x_wconf 89' lang='lat' dir='ltr'><strong>Plurimum</strong></span> <span class='ocrx_word' id='word_1_249' title='bbox 926 2877 1129 2927; x_wconf 90' lang='lat' dir='ltr'><strong>antem</strong></span> <span class='ocrx_word' id='word_1_250' title='bbox 1164 2865 1377 2949; x_wconf 80' lang='lat' dir='ltr'><strong>gloriae</strong></span> <span class='ocrx_word' id='word_1_251' title='bbox 1403 2867 1816 2946; x_wconf 85' lang='lat' dir='ltr'><strong>Hermagoras</strong></span> <span class='ocrx_word' id='word_1_252' title='bbox 1841 2869 2067 2932; x_wconf 79' lang='lat' dir='ltr'><strong>Groece</strong></span> <span class='ocrx_word' id='word_1_253' title='bbox 2089 2868 2368 2930; x_wconf 88' lang='lat' dir='ltr'><strong>docendo</strong></span> <span class='ocrx_word' id='word_1_254' title='bbox 2392 2885 2518 2928; x_wconf 89' lang='lat' dir='ltr'><strong>me-</strong></span> 
     </span>
     <span class='ocr_line' id='line_1_26' title="bbox 320 2960 2512 3048; baseline 0 -22"><span class='ocrx_word' id='word_1_255' title='bbox 320 2964 474 3039; x_wconf 82' lang='lat' dir='ltr'><strong>ruit,</strong></span> <span class='ocrx_word' id='word_1_256' title='bbox 509 2981 691 3043; x_wconf 85' lang='lat' dir='ltr'><strong>quem</strong></span> <span class='ocrx_word' id='word_1_257' title='bbox 725 2974 875 3044; x_wconf 86' lang='lat' dir='ltr'><strong>quot</strong></span> <span class='ocrx_word' id='word_1_258' title='bbox 902 2960 1056 3025; x_wconf 87' lang='lat' dir='ltr'><strong>locis</strong></span> <span class='ocrx_word' id='word_1_259' title='bbox 1082 2961 1325 3038; x_wconf 89' lang='lat' dir='ltr'><strong>Cicero,</strong></span> <span class='ocrx_word' id='word_1_260' title='bbox 1358 2965 1641 3045; x_wconf 79' lang='lat' dir='ltr'><strong>quamvis</strong></span> <span class='ocrx_word' id='word_1_261' title='bbox 1667 2984 1793 3027; x_wconf 91' lang='lat' dir='ltr'><strong>non</strong></span> <span class='ocrx_word' id='word_1_262' title='bbox 1822 2965 2100 3047; x_wconf 87' lang='lat' dir='ltr'><strong>pendens</strong></span> <span class='ocrx_word' id='word_1_263' title='bbox 2121 2965 2200 3027; x_wconf 84' lang='lat' dir='ltr'><strong>ab</strong></span> <span class='ocrx_word' id='word_1_264' title='bbox 2234 2964 2364 3048; x_wconf 86' lang='lat' dir='ltr'><strong>ejus</strong></span> <span class='ocrx_word' id='word_1_265' title='bbox 2380 2983 2512 3039; x_wconf 85' lang='lat' dir='ltr'><strong>ore,</strong></span> 
     </span>
     <span class='ocr_line' id='line_1_27' title="bbox 319 3057 2511 3144; baseline -0.001 -21"><span class='ocrx_word' id='word_1_266' title='bbox 319 3057 697 3130; x_wconf 79' lang='lat' dir='ltr'><strong>laudaverit,</strong></span> <span class='ocrx_word' id='word_1_267' title='bbox 727 3078 1214 3124; x_wconf 86' lang='lat' dir='ltr'><strong>commemorare</strong></span> <span class='ocrx_word' id='word_1_268' title='bbox 1230 3063 1618 3143; x_wconf 86' lang='lat' dir='ltr'><strong>supersedeo.</strong></span> <span class='ocrx_word' id='word_1_269' title='bbox 1640 3059 1821 3124; x_wconf 78' lang='lat' dir='ltr'><strong>Cous.</strong></span> <span class='ocrx_word' id='word_1_270' title='bbox 1844 3062 2111 3144; x_wconf 85' lang='lat' dir='ltr'><strong>Quintil.</strong></span> <span class='ocrx_word' id='word_1_271' title='bbox 2146 3063 2239 3135; x_wconf 92' lang='lat'><strong>11,</strong></span> <span class='ocrx_word' id='word_1_272' title='bbox 2270 3063 2371 3134; x_wconf 85' lang='grc'><strong>15,</strong></span> <span class='ocrx_word' id='word_1_273' title='bbox 2413 3063 2511 3135; x_wconf 80' lang='lat'><strong>14,</strong></span> 
     </span>
     <span class='ocr_line' id='line_1_28' title="bbox 315 3158 2520 3248; baseline -0.002 -22"><span class='ocrx_word' id='word_1_274' title='bbox 315 3158 489 3227; x_wconf 83' lang='lat' dir='ltr'><strong>etihi</strong></span> <span class='ocrx_word' id='word_1_275' title='bbox 502 3161 854 3245; x_wconf 70' lang='lat' dir='ltr'><strong>Spalding„</strong></span> <span class='ocrx_word' id='word_1_276' title='bbox 887 3161 1066 3225; x_wconf 87' lang='lat' dir='ltr'><strong>Belin</strong></span> <span class='ocrx_word' id='word_1_277' title='bbox 1078 3164 1156 3225; x_wconf 86' lang='lat' dir='ltr'><strong>de</strong></span> <span class='ocrx_word' id='word_1_278' title='bbox 1177 3162 1356 3225; x_wconf 80' lang='lat' dir='ltr'><strong>Banu</strong></span> <span class='ocrx_word' id='word_1_279' title='bbox 1382 3163 1449 3226; x_wconf 85' lang='lat' dir='ltr'><strong>in</strong></span> <span class='ocrx_word' id='word_1_280' title='bbox 1476 3164 1741 3225; x_wconf 79' lang='lat' dir='ltr'><strong>Histoire</strong></span> <span class='ocrx_word' id='word_1_281' title='bbox 1766 3165 1845 3223; x_wconf 83' lang='lat' dir='ltr'><strong>de</strong></span> <span class='ocrx_word' id='word_1_282' title='bbox 1871 3164 2238 3248; x_wconf 61' lang='lat' dir='ltr'><strong>Peloquence</strong></span> <span class='ocrx_word' id='word_1_283' title='bbox 2257 3160 2403 3221; x_wconf 77' lang='lat' dir='ltr'><strong>chez</strong></span> <span class='ocrx_word' id='word_1_284' title='bbox 2429 3162 2520 3221; x_wconf 83' lang='lat' dir='ltr'><strong>les</strong></span> 
     </span>
     <span class='ocr_line' id='line_1_29' title="bbox 324 3259 2516 3347; baseline -0.002 -23"><span class='ocrx_word' id='word_1_285' title='bbox 324 3259 546 3331; x_wconf 60' lang='grc' dir='ltr'><strong>(ἔωσε,</strong></span> <span class='ocrx_word' id='word_1_286' title='bbox 578 3262 703 3325; x_wconf 77' lang='lat' dir='ltr'><strong>vol.</strong></span> <span class='ocrx_word' id='word_1_287' title='bbox 742 3263 823 3338; x_wconf 88' lang='lat'><strong>11,</strong></span> <span class='ocrx_word' id='word_1_288' title='bbox 862 3283 925 3345; x_wconf 91' lang='lat' dir='ltr'><strong>p.</strong></span> <span class='ocrx_word' id='word_1_289' title='bbox 960 3262 1063 3327; x_wconf 83' lang='lat'><strong>93.</strong></span> <span class='ocrx_word' id='word_1_290' title='bbox 1101 3263 1238 3326; x_wconf 86' lang='lat' dir='ltr'><strong>Huc</strong></span> <span class='ocrx_word' id='word_1_291' title='bbox 1264 3265 1561 3347; x_wconf 84' lang='lat' dir='ltr'><strong>pertinet,</strong></span> <span class='ocrx_word' id='word_1_292' title='bbox 1603 3264 1764 3345; x_wconf 85' lang='lat' dir='ltr'><strong>quod</strong></span> <span class='ocrx_word' id='word_1_293' title='bbox 1796 3263 2037 3326; x_wconf 77' lang='lat' dir='ltr'><strong>isidoro</strong></span> <span class='ocrx_word' id='word_1_294' title='bbox 2076 3261 2295 3340; x_wconf 81' lang='lat' dir='ltr'><strong>Origg.</strong></span> <span class='ocrx_word' id='word_1_295' title='bbox 2327 3262 2406 3335; x_wconf 88' lang='lat' dir='ltr'><strong>ll,</strong></span> <span class='ocrx_word' id='word_1_296' title='bbox 2453 3261 2516 3334; x_wconf 83' lang='lat'><strong>2,</strong></span> 
     </span>
     <span class='ocr_line' id='line_1_30' title="bbox 320 3361 2519 3445; baseline -0.001 -21"><span class='ocrx_word' id='word_1_297' title='bbox 320 3374 616 3443; x_wconf 86' lang='lat' dir='ltr'><strong>tanquam</strong></span> <span class='ocrx_word' id='word_1_298' title='bbox 653 3364 873 3426; x_wconf 84' lang='lat' dir='ltr'><strong>tertius</strong></span> <span class='ocrx_word' id='word_1_299' title='bbox 904 3365 1252 3429; x_wconf 84' lang='lat' dir='ltr'><strong>rhetorices</strong></span> <span class='ocrx_word' id='word_1_300' title='bbox 1282 3367 1577 3430; x_wconf 78' lang='lat' dir='ltr'><strong>inventor</strong></span> <span class='ocrx_word' id='word_1_301' title='bbox 1615 3386 1754 3430; x_wconf 89' lang='lat' dir='ltr'><strong>cum</strong></span> <span class='ocrx_word' id='word_1_302' title='bbox 1800 3365 2039 3445; x_wconf 85' lang='lat' dir='ltr'><strong>Gorgia</strong></span> <span class='ocrx_word' id='word_1_303' title='bbox 2088 3377 2153 3427; x_wconf 94' lang='lat' dir='ltr'><strong>et</strong></span> <span class='ocrx_word' id='word_1_304' title='bbox 2179 3361 2519 3426; x_wconf 87' lang='lat' dir='ltr'><strong>Aristotele</strong></span> 
     </span>
     <span class='ocr_line' id='line_1_31' title="bbox 315 3458 2519 3542; baseline -0.001 -20"><span class='ocrx_word' id='word_1_305' title='bbox 315 3458 698 3522; x_wconf 82' lang='lat' dir='ltr'><strong>celebratur.</strong></span> <span class='ocrx_word' id='word_1_306' title='bbox 725 3460 846 3523; x_wconf 84' lang='lat' dir='ltr'><strong>Hic</strong></span> <span class='ocrx_word' id='word_1_307' title='bbox 874 3459 1257 3542; x_wconf 83' lang='lat' dir='ltr'><strong>antiquiores</strong></span> <span class='ocrx_word' id='word_1_308' title='bbox 1275 3475 1558 3526; x_wconf 86' lang='lat' dir='ltr'><strong>auctores</strong></span> <span class='ocrx_word' id='word_1_309' title='bbox 1585 3483 1712 3525; x_wconf 92' lang='lat' dir='ltr'><strong>non</strong></span> <span class='ocrx_word' id='word_1_310' title='bbox 1732 3462 1882 3525; x_wconf 87' lang='lat' dir='ltr'><strong>satis</strong></span> <span class='ocrx_word' id='word_1_311' title='bbox 1899 3461 2272 3541; x_wconf 84' lang='lat' dir='ltr'><strong>intelligens,</strong></span> <span class='ocrx_word' id='word_1_312' title='bbox 2307 3458 2519 3520; x_wconf 89' lang='lat' dir='ltr'><strong>dicere</strong></span> 
     </span>
     <span class='ocr_line' id='line_1_32' title="bbox 315 3550 2515 3639; baseline -0.002 -20"><span class='ocrx_word' id='word_1_313' title='bbox 315 3551 553 3630; x_wconf 81' lang='lat' dir='ltr'><strong>debuit,</strong></span> <span class='ocrx_word' id='word_1_314' title='bbox 585 3555 698 3617; x_wconf 85' lang='lat' dir='ltr'><strong>hos</strong></span> <span class='ocrx_word' id='word_1_315' title='bbox 716 3567 849 3616; x_wconf 83' lang='lat' dir='ltr'><strong>tres</strong></span> <span class='ocrx_word' id='word_1_316' title='bbox 886 3557 1199 3639; x_wconf 74' lang='lat' dir='ltr'><strong>proecipue</strong></span> <span class='ocrx_word' id='word_1_317' title='bbox 1239 3571 1462 3630; x_wconf 85' lang='lat' dir='ltr'><strong>artem,</strong></span> <span class='ocrx_word' id='word_1_318' title='bbox 1516 3557 1798 3622; x_wconf 84' lang='lat' dir='ltr'><strong>diversas</strong></span> <span class='ocrx_word' id='word_1_319' title='bbox 1845 3560 2121 3620; x_wconf 85' lang='lat' dir='ltr'><strong>rationes</strong></span> <span class='ocrx_word' id='word_1_320' title='bbox 2148 3569 2212 3618; x_wconf 87' lang='lat' dir='ltr'><strong>et</strong></span> <span class='ocrx_word' id='word_1_321' title='bbox 2255 3550 2515 3617; x_wconf 87' lang='lat' dir='ltr'><strong>consilia</strong></span> 
     </span>
     <span class='ocr_line' id='line_1_33' title="bbox 318 3649 2517 3735; baseline -0.002 -18"><span class='ocrx_word' id='word_1_322' title='bbox 318 3654 614 3729; x_wconf 79' lang='lat' dir='ltr'><strong>ineundo,</strong></span> <span class='ocrx_word' id='word_1_323' title='bbox 668 3649 1057 3735; x_wconf 74' lang='lat' dir='ltr'><strong>explicuisse.</strong></span> <span class='ocrx_word' id='word_1_324' title='bbox 1098 3655 1449 3716; x_wconf 85' lang='lat' dir='ltr'><strong>Prohibitos</strong></span> <span class='ocrx_word' id='word_1_325' title='bbox 1495 3651 1689 3733; x_wconf 90' lang='lat' dir='ltr'><strong>igitur</strong></span> <span class='ocrx_word' id='word_1_326' title='bbox 1744 3656 2028 3716; x_wconf 86' lang='lat' dir='ltr'><strong>rhetoras</strong></span> <span class='ocrx_word' id='word_1_327' title='bbox 2077 3673 2203 3715; x_wconf 87' lang='lat' dir='ltr'><strong>non</strong></span> <span class='ocrx_word' id='word_1_328' title='bbox 2258 3652 2517 3735; x_wconf 87' lang='lat' dir='ltr'><strong>amplius</strong></span> 
     </span>
     <span class='ocr_line' id='line_1_34' title="bbox 322 3746 2516 3833; baseline 0 -23"><span class='ocrx_word' id='word_1_329' title='bbox 322 3748 505 3812; x_wconf 78' lang='lat' dir='ltr'><strong>fuisse</strong></span> <span class='ocrx_word' id='word_1_330' title='bbox 533 3760 746 3831; x_wconf 73' lang='lat' dir='ltr'><strong>patet3</strong></span> <span class='ocrx_word' id='word_1_331' title='bbox 801 3749 911 3810; x_wconf 82' lang='lat' dir='ltr'><strong>sed</strong></span> <span class='ocrx_word' id='word_1_332' title='bbox 939 3749 1286 3811; x_wconf 84' lang='lat' dir='ltr'><strong>honorifica</strong></span> <span class='ocrx_word' id='word_1_333' title='bbox 1332 3761 1543 3811; x_wconf 87' lang='lat' dir='ltr'><strong>tamen</strong></span> <span class='ocrx_word' id='word_1_334' title='bbox 1591 3770 1666 3812; x_wconf 87' lang='lat' dir='ltr'><strong>ea</strong></span> <span class='ocrx_word' id='word_1_335' title='bbox 1694 3746 1993 3833; x_wconf 77' lang='lat' dir='ltr'><strong>professio</strong></span> <span class='ocrx_word' id='word_1_336' title='bbox 2037 3769 2160 3811; x_wconf 88' lang='lat' dir='ltr'><strong>non</strong></span> <span class='ocrx_word' id='word_1_337' title='bbox 2199 3748 2314 3811; x_wconf 80' lang='lat' dir='ltr'><strong>fuit</strong></span> <span class='ocrx_word' id='word_1_338' title='bbox 2370 3763 2516 3811; x_wconf 87' lang='lat' dir='ltr'><strong>ante</strong></span> 
     </span>
     <span class='ocr_line' id='line_1_35' title="bbox 323 3845 2511 3931; baseline -0 -23"><span class='ocrx_word' id='word_1_339' title='bbox 323 3846 584 3910; x_wconf 85' lang='lat' dir='ltr'><strong>mediam</strong></span> <span class='ocrx_word' id='word_1_340' title='bbox 613 3845 870 3926; x_wconf 73' lang='lat' dir='ltr'><strong>Augusti</strong></span> <span class='ocrx_word' id='word_1_341' title='bbox 897 3857 1164 3908; x_wconf 71' lang='lat' dir='ltr'><strong>oetatem.</strong></span> <span class='ocrx_word' id='word_1_342' title='bbox 1199 3848 1274 3909; x_wconf 84' lang='lat' dir='ltr'><strong>V.</strong></span> <span class='ocrx_word' id='word_1_343' title='bbox 1299 3847 1599 3911; x_wconf 85' lang='lat' dir='ltr'><strong>Senecam</strong></span> <span class='ocrx_word' id='word_1_344' title='bbox 1618 3847 2019 3913; x_wconf 78' lang='lat' dir='ltr'><strong>Controvers.</strong></span> <span class='ocrx_word' id='word_1_345' title='bbox 2051 3848 2132 3924; x_wconf 91' lang='lat'><strong>11,</strong></span> <span class='ocrx_word' id='word_1_346' title='bbox 2160 3868 2224 3931; x_wconf 92' lang='lat' dir='ltr'><strong>p.</strong></span> <span class='ocrx_word' id='word_1_347' title='bbox 2253 3848 2372 3911; x_wconf 81' lang='lat'><strong>134</strong></span> <span class='ocrx_word' id='word_1_348' title='bbox 2413 3851 2511 3911; x_wconf 88' lang='lat' dir='ltr'><strong>ed.</strong></span> 
     </span>
    </p>
   </div>
   <div class='ocr_carea' id='block_1_7' title="bbox 392 4083 2514 4160">
    <p class='ocr_par' dir='ltr' id='par_1_7' title="bbox 392 4083 2514 4160">
     <span class='ocr_line' id='line_1_36' title="bbox 392 4083 2514 4160; baseline 0 -22"><span class='ocrx_word' id='word_1_349' title='bbox 392 4089 417 4114; x_wconf 72' lang='lat'><strong>²*</strong></span> <span class='ocrx_word' id='word_1_350' title='bbox 455 4085 539 4138; x_wconf 75' lang='lat' dir='ltr'><strong>Cf.</strong></span> <span class='ocrx_word' id='word_1_351' title='bbox 569 4086 633 4140; x_wconf 84' lang='lat' dir='ltr'><strong>dc</strong></span> <span class='ocrx_word' id='word_1_352' title='bbox 659 4087 758 4140; x_wconf 87' lang='lat' dir='ltr'><strong>hoc</strong></span> <span class='ocrx_word' id='word_1_353' title='bbox 784 4099 841 4141; x_wconf 89' lang='lat' dir='ltr'><strong>et</strong></span> <span class='ocrx_word' id='word_1_354' title='bbox 863 4087 1052 4153; x_wconf 85' lang='lat' dir='ltr'><strong>Plotio,</strong></span> <span class='ocrx_word' id='word_1_355' title='bbox 1081 4088 1370 4142; x_wconf 82' lang='lat' dir='ltr'><strong>Eusebium</strong></span> <span class='ocrx_word' id='word_1_356' title='bbox 1398 4107 1453 4160; x_wconf 93' lang='lat' dir='ltr'><strong>p.</strong></span> <span class='ocrx_word' id='word_1_357' title='bbox 1495 4088 1595 4143; x_wconf 83' lang='lat'><strong>150</strong></span> <span class='ocrx_word' id='word_1_358' title='bbox 1620 4089 1686 4141; x_wconf 84' lang='lat' dir='ltr'><strong>ad</strong></span> <span class='ocrx_word' id='word_1_359' title='bbox 1724 4106 1773 4139; x_wconf 87' lang='lat' dir='ltr'><strong>a.</strong></span> <span class='ocrx_word' id='word_1_360' title='bbox 1810 4089 1942 4141; x_wconf 81' lang='lat'>1936</span> <span class='ocrx_word' id='word_1_361' title='bbox 1967 4108 1978 4137; x_wconf 91' lang='lat'><strong>:</strong></span> <span class='ocrx_word' id='word_1_362' title='bbox 2022 4086 2162 4139; x_wconf 88' lang='lat' dir='ltr'><strong>unde</strong></span> <span class='ocrx_word' id='word_1_363' title='bbox 2195 4083 2324 4137; x_wconf 87' lang='lat' dir='ltr'><strong>mihi</strong></span> <span class='ocrx_word' id='word_1_364' title='bbox 2355 4083 2514 4156; x_wconf 84' lang='lat' dir='ltr'><strong>plane</strong></span> 
     </span>
    </p>
   </div>
   <div class='ocr_carea' id='block_1_8' title="bbox 316 4173 2512 4312">
    <p class='ocr_par' dir='ltr' id='par_1_8' title="bbox 316 4173 2512 4312">
     <span class='ocr_line' id='line_1_37' title="bbox 316 4173 2512 4306; baseline 0 -81"><span class='ocrx_word' id='word_1_365' title='bbox 316 4184 545 4306; x_wconf 53' lang='grc' dir='ltr'><strong>ἷοωιαῐ,</strong></span> <span class='ocrx_word' id='word_1_366' title='bbox 590 4173 724 4228; x_wconf 80' lang='lat' dir='ltr'><strong>male</strong></span> <span class='ocrx_word' id='word_1_367' title='bbox 770 4174 835 4228; x_wconf 83' lang='lat' dir='ltr'><strong>dc</strong></span> <span class='ocrx_word' id='word_1_368' title='bbox 874 4176 1022 4230; x_wconf 61' lang='lat' dir='ltr'><strong>Pelea·</strong></span> <span class='ocrx_word' id='word_1_369' title='bbox 1053 4177 1263 4230; x_wconf 85' lang='lat' dir='ltr'><strong>nominc</strong></span> <span class='ocrx_word' id='word_1_370' title='bbox 1295 4178 1435 4230; x_wconf 79' lang='lat' dir='ltr'><strong>viros</strong></span> <span class='ocrx_word' id='word_1_371' title='bbox 1466 4175 1647 4231; x_wconf 83' lang='lat' dir='ltr'><strong>doctos</strong></span> <span class='ocrx_word' id='word_1_372' title='bbox 1684 4174 1989 4237; x_wconf 79' lang='lat' dir='ltr'><strong>dubitasse,</strong></span> <span class='ocrx_word' id='word_1_373' title='bbox 2033 4173 2337 4228; x_wconf 68' lang='lat' dir='ltr'><strong>pitholaum</strong></span> <span class='ocrx_word' id='word_1_374' title='bbox 2375 4191 2512 4245; x_wconf 65' lang='lat' dir='ltr'><strong>pm»,-</strong></span> 
     </span>
     <span class='ocr_line' id='line_1_38' title="bbox 340 4267 575 4312; baseline -0.004 -2"><span class='ocrx_word' id='word_1_375' title='bbox 340 4267 575 4312; x_wconf 75' lang='lat' dir='ltr'><strong>erentes.</strong></span> 
     </span>
    </p>
   </div>
  </div>
 </body>
</html>
