3367 5417
1818 448 1915 523 &6

779 589 1007 652 Omnes
1046 586 1238 649 etiam
1269 598 1572 664 auctores,
1603 596 1842 670 praeter
1880 589 2118 668 Apru-
2157 587 2226 648 in
2261 584 2429 647 nial.
2460 584 2538 647 de
2563 594 2755 649 cratt.
2785 585 2830 647 l.
2864 608 2961 664 c.,

781 685 887 767 qui
913 685 1180 751 Galbam
1219 697 1285 745 et
1319 681 1692 757 Carbonem,
1730 679 2108 764 antiquitate
2142 683 2450 775 liorridos,
2492 679 2556 742 ei
2598 679 2965 747 imitationis

777 786 1056 867 exempla
1088 780 1269 846 fnisse
1309 780 1495 859 dicit,
1529 785 1745 847 melius
1770 784 1848 847 de
1865 784 2060 851 Calvo
2082 783 2461 855 existimant,
2496 798 2683 867 quam
2702 779 2956 851 Cicero.

780 882 1014 945 Plinius
1039 882 1196 963 Epp.
1219 882 1272 955 1,
1297 881 1363 958 2,
1397 901 1470 943 ea
1497 892 1893 945 consecutum
1928 880 2106 955 dicit,
2143 900 2276 961 qum
2316 879 2522 963 pauci,
2569 899 2719 961 qnos
2759 901 2966 963 aequus

777 980 1084 1042 amaverit
1108 978 1377 1060 Jupiter.
1424 976 1665 1059 Seneca
1696 980 1741 1041 1.
1780 1000 1838 1042 c.
1880 992 1946 1040 et
1969 978 2389 1060 Quintilianus
2406 977 2520 1052 Xl,
2556 976 2619 1053 3,
2650 976 2795 1053 133,
2828 990 2960 1041 tum

782 1076 1044 1139 actionis
1090 1072 1241 1152 vim,
1276 1092 1395 1155 qna
1450 1073 1739 1139 suhsdlia
1760 1072 2062 1141 excedere
2089 1074 2322 1156 impetu
2348 1074 2549 1151 elatus
2570 1086 2639 1139 ct
2663 1094 2853 1155 usque
2879 1079 2958 1137 ad

777 1173 1165 1237 adversarios
1195 1186 1626 1236 nanneni-rere
1656 1172 1918 1252 solebat,
1953 1187 2086 1237 tum
2111 1173 2615 1263 compositionem
2640 1174 2721 1236 ad
2742 1174 2960 1236 Demo·

781 1273 1021 1336 athenis
1043 1273 1387 1354 exemplum
1412 1292 1692 1337 severam
1729 1288 1794 1336 et
1832 1274 2095 1355 rigidam
2128 1285 2196 1337 et
2220 1271 2594 1337 concitatam
2620 1273 2959 1347 extollunt3

778 1388 847 1435 ut
864 1385 1083 1437 contra
1100 1375 1362 1435 senserit
1378 1394 1451 1436 ac
1465 1373 1710 1450 Cicero,
1730 1373 1836 1457 qni
1850 1387 2019 1447 κόλοις
2034 1373 2616 1459 comprehensiones
2628 1375 2961 1438 verborum

781 1469 1151 1547 immiscens,
1182 1467 1398 1532 similis
1423 1470 1539 1537 fuit
1564 1473 1835 1555 antiquis
1859 1473 2084 1541 Crasso
2110 1486 2176 1536 et
2203 1460 2505 1548 Antonio,
2540 1472 2836 1554 pleraque
2870 1473 2958 1534 sic

782 1567 1171 1629 membratim
1199 1566 1548 1635 dicentibus
1577 1567 1736 1653 (Cic.
1758 1571 1947 1634 Orat.
1975 1591 2035 1634 c.
2060 1569 2185 1657 66).
2230 1566 2554 1633 Ciceronis
2579 1568 2769 1648 igitur
2794 1588 2959 1630 com-

781 1661 1149 1745 positionem
1176 1663 1633 1745 reprehendere
1659 1666 1886 1731 Calvus
1923 1668 2138 1730 solitm
2172 1677 2297 1741 est,
2343 1678 2408 1727 et
2445 1664 2643 1727 literis
2668 1664 2858 1727 etiam
2885 1668 2964 1727 ad

779 1765 978 1845 ipsum
1006 1765 1185 1827 datis.
1219 1766 1300 1827 V.
1325 1761 1595 1847 Quintil.
1619 1766 1758 1842 XII,
1794 1767 1854 1843 1,
1894 1766 2012 1841 22;
2054 1767 2137 1839 Χ,
2176 1763 2243 1840 4,
2286 1765 2345 1825 1.
2389 1762 2721 1829 Orationes
2760 1775 2963 1824 autem

779 1879 993 1923 omnes
1029 1873 1095 1923 et
1133 1861 1431 1937 carmina,
1478 1876 1549 1922 ut
1583 1861 1827 1927 Seneca
1852 1864 2006 1931 dicit
2028 1861 2074 1923 1.
2104 1880 2195 1933 c.,
2237 1859 2507 1939 ingentis
2543 1854 2738 1921 animi
2775 1859 2961 1940 plena

781 1966 988 2017 erant.
1017 1958 1434 2038 Quintilianus
1455 1958 1537 2031 X,
1565 1957 1628 2029 1,
1654 1956 1796 2034 115,
1826 1957 1974 2022 coll.
1999 1956 2197 2034 3,10;
2222 1957 2286 2031 4,
2316 1959 2390 2036 33
2421 1957 2480 2032 7,
2513 1955 2619 2034 14,
2649 1969 2714 2035 et
2739 1968 2960 2018 auctor

783 2053 950 2115 Dial.
980 2055 1058 2115 de
1085 2067 1272 2118 oratt.
1291 2072 1356 2119 c.
1384 2056 1463 2122 25
1498 2053 1564 2120 in
1601 2054 1721 2117 hoo
1749 2056 1993 2139 quidem
2029 2076 2171 2119 cum
2200 2056 2437 2139 judicio
2465 2049 2784 2119 Ciceronis
2809 2072 2960 2115 con·

778 2163 1033 2230 gruunt,
1067 2154 1229 2232 quod
1260 2152 1421 2216 alter
1447 2155 1689 2235 singula
1715 2154 1908 2218 verba
1935 2155 2123 2227 nitnis
2151 2150 2616 2229 calumniatum,
2639 2153 2799 2215 alter
2820 2172 2979 2229 cum,

781 2252 943 2314 bene
970 2253 1180 2328 sciret,
1221 2252 1367 2332 quid
1393 2268 1555 2321 esset
1582 2269 1849 2331 rectum,
1880 2276 2008 2318 non
2037 2269 2162 2318 tam
2189 2258 2507 2318 voluntate
2532 2274 2716 2336 quam
2736 2254 2960 2316 virium

780 2351 993 2433 inopia
1012 2352 1335 2434 deliquisse
1352 2354 1536 2430 dicit3
1559 2357 1723 2419 unde
1749 2355 1976 2429 facmm
2001 2355 2106 2431 q't,
2128 2368 2199 2417 nt
2225 2375 2371 2418 raro
2401 2367 2772 2434 assurgeret,
2797 2374 2957 2416 eam-

782 2471 902 2532 que
927 2452 1376 2517 vehementiam
1392 2501 1411 2532 ,
1443 2475 1564 2538 qna
1596 2451 1927 2538 plurimum
1964 2457 2155 2539 pollet
2188 2455 2387 2518 oratio
2400 2502 2423 2531 ,
2453 2465 2955 2535 consequeretur.

782 2552 1094 2616 Nonnulla
1121 2564 1352 2626 tamen,
1392 2554 1462 2617 in
1500 2553 1717 2638 primis
1741 2555 1810 2617 in
1829 2553 2181 2621 Vatinianis
2205 2550 2615 2629 orationibus,
2655 2553 2841 2616 etiam
2881 2552 2958 2615 ab

779 2645 900 2708 hac
938 2660 1117 2730 parte
1153 2651 1402 2729 egregia
1442 2651 1713 2713 filerunt.
1764 2651 2055 2732 Argutias
2094 2648 2163 2713 in
2206 2670 2281 2713 co
2317 2652 2601 2731 agnoscit
2626 2647 2961 2733 Appuleius

781 2744 1039 2825 Apolog.
1080 2764 1145 2828 p.
1190 2748 1304 2810 551
1355 2748 1452 2809 ed.
1495 2749 1775 2811 Elmenh.
1800 2750 1902 2832 (p.
1947 2753 2026 2815 99
2064 2748 2163 2810 ed.
2209 2748 2371 2831 Rip.)
2419 2746 2859 2830 Antiquarium
2888 2744 2956 2810 in
3080 2756 3091 2767 “

781 2841 1091 2906 nonnullis
1115 2845 1296 2910 fuisse
1320 2847 1741 2931 Quintilianus
1776 2850 2032 2913 tradidit
2065 2850 2131 2925 1,
2158 2853 2220 2921 6,
2246 2849 2361 2925 42;
2408 2862 2629 2912 contra
2663 2850 2955 2913 sanctita·

781 2952 905 3000 tem
934 2942 1096 3005 idem
1120 2944 1200 3018 X,
1229 2943 1288 3019 1,
1319 2945 1468 3021 1153
1502 2946 1777 3025 x11,10‚
1806 2946 1906 3024 12,
1938 2946 2322 3043 etjudicium
2347 2948 2430 3022 X,
2454 2947 2520 3020 2,
2544 2950 2654 3025 25,
2680 2947 2954 3012 laudibus

779 3037 923 3101 fert.

866 3140 1044 3202 Inter
1069 3152 1279 3223 poetas
1304 3142 1749 3213 obtrectatores
1772 3164 1897 3208 non
1928 3145 2190 3211 invenit.
2222 3145 2536 3229 Quidquid
2563 3147 2643 3209 de
2666 3145 2796 3231 ejus
2820 3166 2957 3208 car·

779 3237 1065 3315 minibm,
1095 3241 1347 3304 ludicris
1381 3242 1552 3318 licet,
1594 3262 1797 3324 neqne
1823 3262 2061 3324 magne
2088 3243 2286 3322 samae,
2318 3257 2719 3309 memoratum
2743 3246 2945 3323 legas,

778 3331 973 3397 laudis
999 3337 1183 3418 plena
1208 3338 1418 3401 omnia
1443 3354 1607 3401 sunt.
1646 3341 1803 3403 Vide
1827 3341 2126 3405 Senecam
2158 3342 2207 3404 l.
2232 3362 2333 3416 c.;¹
2367 3345 2444 3406 A.
2477 3343 2650 3421 Gen,
2677 3343 2846 3418 xlx,
2882 3346 2952 3419 93

775 3431 964 3497 ovid.
992 3435 1205 3496 Amor.
1236 3436 1345 3510 111,
1382 3436 1457 3509 93
1490 3434 1626 3499 Cic.
1651 3437 1811 3521 Epp.
1859 3439 1945 3501 ad
1965 3432 2136 3504 divv.
2167 3442 2309 3513 vll,
2342 3439 2455 3516 243
2505 3440 2675 3504 Plin.
2706 3442 2866 3525 Epp.
2898 3443 2951 3515 l,

645 3602 650 3607 ¹
785 3530 885 3592 16.
917 3530 1142 3595 Cicero
1181 3532 1605 3616 Hipponactea
1631 3535 1933 3614 carmina,
1970 3539 2329 3623 Propertius
2360 3539 2461 3614 11,
2503 3538 2612 3615 25,
2656 3539 2957 3603 amatoria

779 3627 1026 3705 laudat,
1072 3649 1207 3710 quae
1241 3631 1312 3694 in
1346 3632 1715 3716 Quintiliam
1761 3635 2016 3701 fecerat.
2065 3640 2142 3700 In
2202 3636 2405 3705 Plinio
2451 3649 2653 3699 autem
2692 3637 2955 3699 Heusin-

780 3743 966 3803 εει-ηε
1003 3727 1182 3792 Calvi
1222 3751 1448 3794 nomen
1473 3753 1586 3842 pro
1613 3734 1909 3800 Bibaculo
1954 3737 2269 3802 invectum
2312 3736 2554 3820 putavit
2578 3757 2619 3801 a
2645 3736 2950 3811 librariis,

782 3822 903 3883 hoc
933 3826 1128 3903 magis
1151 3842 1364 3910 aptum
1387 3827 1769 3896 existimans.
1792 3835 1917 3899 Sed
1940 3855 2287 3917 quanquam
2330 3832 2685 3900 Bibaculum
2712 3837 2953 3896 morda-

781 3938 918 3981 cem
950 3939 1068 3982 nec
1095 3922 1230 3986 sine
1262 3928 1391 3991 sale
1423 3927 1603 3991 fuisse
1632 3926 1786 3991 satis
1810 3942 2089 4006 constat,
2143 3942 2352 3997 tamen
2390 3928 2619 4017 leporis
2645 3943 2713 3994 et
2734 3931 2953 4013 gratiae

780 4042 967 4087 causa
996 4042 1213 4106 parum
1240 4043 1380 4109 apte
1401 4050 1542 4093 cum
1581 4028 1822 4093 Catullo
1847 4030 2253 4114 componitur.
2288 4028 2446 4099 Nam
2475 4035 2578 4098 hic
2597 4047 2693 4098 est
2719 4047 2783 4097 et
2811 4032 2953 4096 Cal·

783 4136 914 4193 vus,
946 4121 1138 4184 etalii
1153 4125 1522 4205 paucissimi,
1548 4127 1721 4193 circa
1746 4147 1896 4210 quos
1920 4142 2102 4193 omne
2119 4127 2408 4209 effloruit,
2434 4133 2596 4213 quod
2630 4142 2951 4197 venustum

780 4227 847 4276 ct
871 4219 1228 4284 Gratiarum
1242 4223 1490 4304 plenum
1510 4226 1748 4291 Graecis
1763 4227 2026 4292 Romani
2044 4246 2355 4311 opponere
2377 4230 2633 4313 possint.
2656 4226 2762 4295 Sic
2785 4237 2951 4292 certe

3308 738 3321 853 ——ffl—
3306 640 3321 713 ¹1-
3308 504 3321 553 -.
