3367 5417
319 605 466 650 cum
494 585 864 667 Antipatro,
894 583 1101 649 Crassi
1126 583 1421 666 magistro
1436 630 1454 662 ,
1484 579 1752 658 Rutilio,
1787 580 2045 648 Antiate
2058 628 2075 656 ‚
2106 583 2526 666 Quadrigario

314 681 550 765 jungit,
580 701 657 746 ea
682 694 926 747 tantum
952 685 1029 746 de
1056 699 1243 746 causa
1266 681 1360 758 fit,
1393 682 1556 763 quod
1580 678 1873 743 historias
1914 697 2040 743 uno
2076 692 2356 765 tempore
2395 681 2522 744 edi·

317 783 575 843 derunt.
625 782 789 843 Nam
819 781 1090 846 Rutilius
1122 781 1290 843 haud
1328 777 1521 842 dubie
1556 776 1739 840 annis
1777 778 1856 838 ad
1901 776 2228 841 minimum
2263 778 2524 860 triginta

322 877 528 960 major
552 876 690 940 fuit.
732 878 1065 943 Hortensio
1089 878 1413 961 majorem,
1443 878 1553 942 sed
1577 874 1885 938 minorem
1919 876 1991 936 P.
2032 875 2305 960 Sulpicio
2345 887 2410 940 et
2444 877 2518 941 C.

322 974 509 1038 Cotta
537 974 721 1036 fuisse
747 994 824 1037 ex
845 978 1040 1038 Bruto
1059 973 1144 1059 (c.
1165 975 1275 1059 64)
1296 972 1630 1053 colligitur.
1660 973 1948 1056 Quorum
1972 983 2121 1036 oetas
2145 992 2291 1035 cum
2314 972 2529 1036 decem

318 1076 506 1137 annis
525 1076 733 1151 distet,
752 1075 1080 1156 Sisennam
1096 1073 1275 1140 circa
1294 1094 1529 1138 annum
1544 1074 1666 1139 634
1688 1086 1906 1136 natum
1929 1091 2181 1137 necesse
2202 1073 2346 1148 erit,
2368 1075 2530 1157 quod

319 1194 469 1237 cum
486 1187 756 1257 praetura
771 1178 923 1240 satis
936 1177 1100 1240 bene
1118 1174 1428 1256 congruit.
1458 1172 1561 1263 [G.
1580 1176 1655 1237 L.
1672 1175 1899 1249 Rothe,
1923 1174 1997 1236 L.
2015 1172 2211 1236 Corn.
2230 1171 2525 1248 Sisennae,

321 1271 474 1333 hist.
500 1273 711 1347 Rom„
733 1273 888 1336 vita.
920 1275 1111 1338 Basil.
1141 1267 1362 1362 1834.]
1410 1270 1912 1354 Scripseruutde
1941 1271 2208 1336 Sisenna
2229 1269 2528 1334 historico

325 1371 584 1434 Fulvius
607 1373 872 1441 Ursinus
898 1374 966 1437 in
991 1373 1168 1438 Notis
1196 1376 1276 1436 ad
1294 1373 1664 1439 Ciceronem
1682 1390 1753 1454 p‘.
1779 1370 1928 1445 292,
1951 1371 2265 1436 Corradus
2289 1371 2369 1433 ad
2382 1372 2536 1433 Bru·

332 1483 467 1537 tum
494 1495 562 1557 p.
588 1473 734 1550 344,
778 1487 847 1537 et
874 1478 1126 1540 Vossius
1164 1477 1262 1541 De
1300 1474 1447 1538 hist.
1490 1473 1633 1535 Lat.
1661 1474 1717 1546 1,
1745 1472 1850 1546 10,
1874 1492 1938 1554 p.
1966 1472 2069 1533 44.
2102 1473 2218 1535 His
2257 1473 2536 1535 addimus

329 1569 774 1634 Ruhnkenium
800 1572 880 1632 ad
898 1572 1119 1634 Vellei.
1142 1573 1233 1646 11,
1262 1573 1325 1646 9,
1360 1589 1428 1651 p.
1452 1568 1602 1643 100,
1634 1567 1742 1647 qui
1770 1585 1922 1647 opus
1947 1566 2082 1647 ejus
2109 1568 2186 1629 de
2214 1567 2378 1630 bello
2400 1567 2535 1631 Sul-

325 1673 472 1734 lano
500 1689 632 1733 uon
665 1682 976 1732 secretum
1000 1691 1040 1733 a
1065 1673 1490 1733 Romanarum
1514 1685 1736 1729 rerum
1762 1666 2026 1728 historia
2053 1665 2262 1741 luisse,
2293 1669 2402 1729 sed
2430 1687 2537 1749 po-

327 1771 456 1834 tius
497 1769 631 1851 ejus
668 1782 913 1853 partem
941 1768 1217 1832 effecisse
1255 1780 1491 1830 censet.
1523 1765 1897 1845 Fragmenta
1937 1765 2163 1827 borum
2198 1765 2532 1840 librorum,

334 1865 443 1949 qui
463 1885 726 1932 numero
754 1866 927 1928 luere
959 1865 1064 1940 22,
1094 1864 1357 1927 collecta
1386 1881 1540 1939 esse,
1573 1881 1757 1933 nemo
1785 1862 2006 1924 nescit.
2047 1858 2341 1951 [Krausii
2377 1861 2534 1926 Vitt.

331 1975 399 2027 et
438 1965 745 2041 Fragmm.
807 1962 957 2023 bist.
1009 1963 1195 2025 Rom.
1245 1979 1312 2043 p.
1372 1959 1494 2024 299
1540 1956 1710 2048 sqq.]
1762 1958 2063 2042 Quamvis
2117 1971 2323 2021 autem
2369 1979 2544 2042 supe·

327 2062 569 2126 raverit
607 2060 974 2133 historicos,
1022 2060 1130 2143 qui
1172 2072 1645 2142 praecesserant,
1689 2068 1936 2120 tantum
1975 2072 2187 2122 tamen
2226 2079 2266 2121 a
2304 2079 2542 2124 summo

328 2158 505 2235 aruit,
528 2170 603 2220 ut
621 2157 844 2222 Cicero
873 2157 941 2219 in
963 2157 1234 2237 Legibus
1251 2159 1309 2232 1,
1333 2156 1396 2232 2,
1417 2155 1744 2218 historiam
1772 2175 1811 2218 a
1837 2155 2077 2219 Latinis
2102 2154 2306 2219 literis
2326 2156 2541 2222 abesse

327 2275 457 2320 non
476 2254 715 2319 veritus
728 2253 810 2316 sit
828 2253 1266 2335 pronuntiare.
1296 2255 1513 2318 Genus
1541 2251 1793 2315 dicendi
1820 2251 2163 2316 obsoletum
2185 2265 2251 2316 et
2270 2265 2538 2317 vetusta·

329 2358 414 2421 tis
444 2357 713 2436 aerugine
741 2355 1002 2418 obsitum
1030 2355 1217 2418 fuisse
1235 2401 1253 2431 ‚
1299 2368 1431 2416 tum
1466 2354 1694 2418 leviter
1717 2353 1788 2416 in
1816 2355 2012 2416 Bruto
2041 2354 2268 2419 Cicero
2295 2356 2540 2441 notavit

326 2457 375 2518 l.
403 2474 463 2517 c.
490 2455 786 2518 inusitate
823 2452 1176 2535 loquentem
1216 2452 1383 2516 bene
1419 2470 1554 2515 sese
1589 2451 1762 2533 loqui
1798 2466 2042 2533 putasse
2079 2447 2362 2529 censens,
2405 2466 2535 2516 tum

322 2552 589 2628 Gellius,
613 2555 843 2627 Varro,
876 2550 1303 2634 Quintilianus
1328 2550 1687 2613 ostendunt.
1717 2545 1828 2637 [Ὗ.
1848 2548 1928 2610 fr.
1950 2568 2018 2631 p.
2039 2543 2219 2635 168]

415 2656 728 2718 Addamus
768 2653 890 2715 hoc
930 2652 1093 2725 loco,
1124 2652 1181 2713 si
1210 2651 1533 2715 notatione
1556 2661 1722 2730 eget,
1756 2669 1870 2712 nos
1897 2651 1975 2712 de
2005 2651 2092 2712 Μ.
2123 2649 2324 2714 Tullio
2362 2650 2536 2714 Cice-

322 2770 486 2818 rone
505 2755 665 2816 nffiil
684 2755 986 2815 dicturos.
1018 2753 1189 2836 Quid
1210 2753 1379 2816 enim
1402 2773 1441 2816 a
1463 2764 1558 2814 tot
1579 2751 1938 2815 auctoribus
1954 2750 2219 2814 laudatis
2235 2752 2338 2814 vel
2357 2771 2539 2816 enar-

325 2850 489 2912 ratis
513 2849 658 2912 addi
686 2860 891 2932 potest
906 2848 938 2911 ‘¹’
963 2850 1119 2912 Nam
1141 2869 1261 2912 nec
1281 2850 1500 2931 egetis
1521 2848 1623 2910 vir
1640 2847 1823 2912 laude
1845 2857 2082 2926 nostra,
2104 2862 2171 2913 et
2190 2867 2384 2934 opera
2403 2852 2539 2935 ejus

330 2948 609 3011 omnium
628 2946 961 3011 imitationi
986 2949 1302 3031 proposita
1329 2958 1600 3020 exstant,
1638 2944 1716 3008 de
1749 2946 1972 3027 quibus
1991 2946 2175 3011 facile
2204 2961 2271 3010 et
2295 2962 2536 3013 certum

330 3045 571 3111 teratur
591 3046 919 3131 judicium.

420 3148 525 3210 56.
573 3147 802 3209 Eorum
819 3191 837 3220 ,
882 3144 989 3225 qui
1013 3142 1339 3206 Ciceronis
1373 3142 1543 3205 aetati
1579 3161 1879 3225 suppares
1911 3153 2098 3205 erant
2114 3186 2132 3218 ‚
2174 3162 2359 3207 nemo
2391 3143 2532 3206 Ser.

329 3243 602 3325 Sulpicio
622 3248 783 3328 Rufi)
808 3246 1139 3311 illustrior.
1172 3244 1292 3308 Hic
1310 3258 1497 3326 gente
1517 3243 1956 3329 antiquissimoe
1974 3242 2324 3307 nobilitatis
2343 3257 2540 3318 ortus,

333 3354 407 3403 ut
429 3342 566 3425 ipse
591 3346 660 3407 in
689 3346 1038 3410 accusando
1066 3344 1143 3406 L.
1179 3344 1443 3407 Murena
1481 3341 1751 3425 jactavit
1794 3343 1951 3423 (Cic.
1994 3344 2119 3406 Pro
2155 3343 2321 3407 Mur.
2363 3361 2425 3405 c.
2454 3343 2538 3420 7),

333 3441 446 3504 sed
465 3439 769 3522 majorum
796 3443 979 3525 culpa
1004 3454 1133 3505 tam
1160 3443 1448 3517 obscura,
1474 3456 1545 3505 ut
1562 3455 1746 3526 pater
1765 3452 1831 3505 et
1851 3459 2026 3518 avus,
2047 3443 2394 3506 honoribus
2416 3461 2544 3504 non

338 3537 563 3613 functi,
595 3538 764 3599 inter
789 3550 1140 3618 equestrem
1167 3540 1535 3620 dignitatem
1563 3539 1991 3604 subsisterent.
2027 3542 2155 3603 Sed
2170 3541 2276 3603 vel
2307 3540 2386 3602 ad
2418 3539 2546 3620 ple·

339 3638 484 3701 bem
522 3634 820 3699 transisse
856 3634 1045 3699 Rufos
1069 3637 1408 3719 Sulpicius,
1439 3638 1544 3699 vel
1568 3636 1671 3698 bis
1699 3638 2031 3718 adoptione
2054 3635 2223 3699 facta
2262 3636 2545 3701 evenisse

343 3751 599 3798 necesse
625 3743 745 3805 est,
769 3743 840 3794 ut
855 3731 929 3793 P.
951 3730 1284 3813 Sulpicius,
1307 3735 1382 3794 de
1404 3750 1526 3813 quo
1553 3731 1812 3811 egimus,
1834 3730 2040 3812 hujus,
2062 3733 2273 3808 credo,
2290 3747 2550 3818 patruus

341 3835 448 3898 ml
473 3824 882 3898 consobrinus
908 3842 1092 3894 oetate
1118 3831 1343 3915 major,
1366 3831 1469 3894 vel
1496 3827 1634 3896 S'er.
1667 3828 1978 3916 Sulpicius
2007 3833 2205 3896 nostri
2231 3832 2394 3897 filius
2420 3836 2549 3917 ple·

343 3931 516 3994 beios
550 3932 945 4013 magistratus
980 3929 1313 4009 gesserint.
1364 3930 1462 3993 De
1506 3927 1704 3992 nostri
1742 3930 1879 3993 Ser.
1911 3930 2174 4014 Sulpicii
2207 3932 2547 3995 honoribus

347 4045 477 4092 non
505 4027 655 4091 satis
681 4037 948 4092 constat.
995 4027 1121 4091 Sed
1149 4045 1290 4089 cum
1317 4026 1613 4091 Ciceroni
1640 4039 1824 4091 aetate
1852 4028 2047 4092 ferme
2072 4047 2190 4111 par
2217 4029 2406 4094 fuerit
2422 4077 2439 4104 ‚
2485 4043 2549 4093 et

347 4126 736 4189 consulatum
763 4125 873 4186 illo
902 4123 1149 4186 consule
1178 4125 1434 4207 petierit
1447 4171 1467 4204 ,
1508 4136 1969 4209 praeturamque
2008 4127 2406 4209 questionem
2448 4147 2552 4211 pe·

347 4221 589 4287 cut-tus
612 4222 867 4285 sortitus
896 4242 955 4284 a.
984 4220 1106 4288 888
1135 4223 1394 4302 geoeerit
1426 4222 1629 4305 (Mur.
1657 4243 1716 4285 c.
1747 4223 1854 4304 20)
1899 4237 2387 4289 consentaneum
2432 4239 2547 4299 est,

2077 4338 2142 4388 10
