3367 5417
438 618 530 678 Ex
557 615 657 676 his
684 614 949 692 intelligi
978 625 1200 695 potest,
1237 633 1349 678 cur
1378 610 1630 684 Asinius
1657 611 1856 674 Pollio
1894 611 1961 672 in
1991 628 2175 674 causa
2203 608 2558 676 Urbiniana

355 712 715 786 Labienum,
772 711 1124 792 petitorem,
1167 711 1333 771 inter
1381 721 1747 788 argumenta
1803 708 1977 772 malae
2028 725 2226 770 causae
2265 708 2556 787 posuerit,

353 824 422 872 ut
450 810 613 891 apud
653 808 921 891 Quintil.
967 810 1081 878 lv,
1139 811 1196 881 1,
1245 809 1351 882 11,
1402 809 1662 887 legimus
1695 826 1712 867 ε
1760 831 1789 862 α
1814 805 2015 884 Etiam
2048 805 2562 888 partisjadversae

355 926 655 994 patronus
691 909 868 971 dabit
915 909 1167 971 exordio
1225 910 1572 983 materiam,
1631 904 1890 971 interim
1937 926 2050 989 per
2096 905 2563 982 contumeliam,

357 1013 465 1073 sed
492 1011 612 1072 hoc
644 1025 943 1090 perquam
966 1026 1136 1079 raro,
1159 1021 1228 1068 ut
1254 1008 1510 1066 Αείιιίω
1532 1027 1653 1084 pro
1692 1006 1969 1065 Urbiniae
1996 1001 2320 1066 laet-edibus
2344 1002 2569 1066 Labie·

358 1133 534 1188 ηιιιῃ,
569 1111 905 1170 adversarii
915 1111 1236 1190 patronum'
1252 1155 1277 1184 ,
1334 1115 1491 1167 inter
1513 1121 1875 1186 argumenta
1906 1105 2091 1168 maloe
2118 1126 2315 1166 causoe
2336 1108 2570 1183 posuit.

444 1215 534 1272 Ex
578 1208 864 1274 oratione
913 1209 1175 1273 Labieni
1224 1222 1445 1272 contra
1499 1209 1845 1271 Pollionem
1906 1206 2166 1270 affertur
2216 1203 2452 1288 aliquid
2503 1202 2571 1270 in

358 1304 627 1393 Quintil‘.
663 1309 803 1382 Vll,
841 1307 904 1380 2,
938 1309 1018 1370 26
1058 1330 1075 1367 ε
1113 1332 1143 1363 α
1184 1311 1463 1388 Utraque
1500 1326 1646 1389 pars
1689 1325 1863 1366 suam
1911 1304 2359 1386 expositionem
2385 1303 2576 1366 habet

361 1423 543 1489 atque
569 1427 706 1469 eam
734 1419 965 1477 tuetur,
990 1419 1083 1483 ut,
1117 1410 1180 1466 in
1208 1407 1314 1464 lice
1350 1406 1695 1464 Urbiniana
1726 1404 1956 1485 petitor
1996 1400 2194 1466 dicit:
2235 1403 2575 1466 Chasinium

361 1505 649 1584 Figulum
653 1504 873 1585 filium
906 1503 1188 1563 Urbinice
1224 1507 1355 1562 acie
1389 1508 1573 1575 victa,
1612 1508 1674 1560 in
1700 1524 1817 1585 qua
1854 1515 2123 1575 steterat,
2140 1502 2401 1581 fugisse
2417 1523 2449 1574 ,·
2472 1495 2576 1581 ja·

361 1617 702 1685 centumque
730 1602 974 1660 casibus
1003 1604 1226 1673 variiS,
1258 1614 1555 1659 retentum
1576 1603 1769 1657 etiam
1797 1621 1837 1656 a
1877 1617 2045 1680 rege,
2077 1598 2319 1656 tandem
2355 1601 2420 1655 in
2449 1599 2577 1659 Ita·

361 1704 509 1763 llam
528 1725 603 1761 ac
623 1706 893 1781 patriam
925 1723 1100 1761 suam
1123 1702 1456 1779 Marginos
1478 1704 1722 1759 venisse
1746 1713 1928 1782 atque
1956 1697 2043 1757 ibi
2068 1703 2339 1776 agnosci.
2363 1725 2391 1757 υ

450 1800 719 1882 Quintil.
752 1801 805 1872 l,
841 1801 904 1874 5,
941 1797 980 1858 8
1013 1820 1029 1860 2
1060 1800 1136 1861 In
1167 1802 1435 1873 oratione
1475 1797 1757 1867 Labieni,
1788 1797 1921 1858 sive
1950 1795 2059 1856 illa
2088 1794 2370 1855 Cornelii
2402 1794 2579 1856 Galla·

369 1911 484 1969 est,
511 1899 577 1959 in
608 1898 952 1962 Pollionem
980 1917 1208 1956 casnar
1229 1907 1573 1957 assectator
1603 1913 1639 1955 e
1665 1890 1880 1956 Gallia
1900 1893 2151 1956 ductum
2179 1904 2294 1954 est.

439 2031 671 2099 Labieni]
712 2031 1055 2105 Spaldingius
1094 2031 1148 2084 in
1177 2030 1516 2084 adnotatione
1541 2029 1603 2081 ad
1641 2029 1785 2082 hunc
1810 2028 1985 2082 locum
2022 2028 2257 2081 incertus
2289 2027 2412 2092 fuit,
2456 2025 2578 2098 quis

509 2134 650 2174 esset
669 2121 956 2184 Labienus,
987 2138 1214 2190 eumque
1238 2117 1398 2170 simul
1426 2117 1739 2170 historicum
1767 2135 1881 2169 esse
1903 2117 2147 2188 negabat,
2186 2115 2278 2168 sed
2296 2126 2478 2187 postea
2507 2111 2576 2165 ad

507 2192 602 2280 iv,
633 2210 678 2269 1,
713 2212 728 2258 Ι
748 2210 795 2270 1,
819 2207 1062 2260 eumdem
1079 2225 1199 2259 curn
1218 2204 1318 2258 illo
1337 2205 1502 2257 fuisse
1516 2223 1636 2255 vere
1651 2203 1930 2275 judicavit.
1946 2203 2312 2256 Thorbeckius
2336 2202 2392 2254 in
2420 2200 2579 2255 Com-

506 2305 670 2344 ment.
697 2291 766 2344 de
783 2291 969 2344 Asinio
986 2290 1229 2344 Pollione
1246 2309 1301 2361 p.
1325 2290 1392 2341 74
1413 2310 1427 2341 ε
1449 2286 1650 2341 Habuit
1675 2287 1917 2352 Asinius,
1944 2289 2140 2360 inquit,
2177 2290 2229 2340 in
2262 2287 2354 2339 hoc
2367 2286 2572 2361 judicio

505 2373 856 2426 adversar-ciam
898 2371 1205 2433 Labe'enum,
1238 2370 1554 2424 historicum.
1597 2367 1671 2424 N.
1711 2372 1880 2424 Fabri
1906 2370 2185 2442 opinionem
2222 2371 2297 2422 ad
2336 2369 2580 2424 Scaeam

509 2456 572 2507 L.
598 2475 629 2504 v
689 2456 930 2510 Controv.
950 2456 1171 2525 proet'at.
1199 2475 1254 2526 p.
1286 2455 1412 2513 349,
1450 2456 1501 2516 8,
1527 2452 1688 2524 quasi
1706 2452 1750 2505 is
1774 2454 1905 2506 idem
1931 2473 2043 2507 esse
2057 2452 2250 2524 possit,
2273 2453 2425 2523 quia
2456 2454 2579 2508 Ca-

506 2569 626 2604 ,σαι-α
652 2553 725 2604 ad
739 2551 1041 2623 Pompeium
1068 2550 1381 2625 transfugit,
1405 2552 1608 2620 refittat
1635 2535 1853 2604 Vossius
1877 2554 1960 2603 De
1975 2551 2100 2603 hist.
2126 2552 2250 2604 Lat.
2290 2553 2342 2610 1,
2372 2552 2461 2602 ⁸23.
2487 2552 2577 2602 Ex

502 2638 677 2690 eadem
703 2657 786 2690 cer
794 2638 1067 2704 tesamilia
1075 2635 1221 2704 ficit,
1258 2656 1320 2689 ac
1343 2637 1674 2707 Pompeiam!
1696 2636 1932 2688 studium
1934 2634 2191 2702 factionis
2211 2634 2580 2689 hereditarium

508 2719 696 2773 tenuit.
728 2721 938 2772 Laudat
967 2718 1322 2784 Quintilianus
1351 2717 1627 2770 orationem
1654 2718 1871 2770 Labieni
1889 2720 1941 2770 in
1975 2718 2283 2778 Pollionem,
2309 2735 2465 2788 quam
2491 2725 2577 2770 ta-

504 2827 614 2862 men
626 2805 855 2867 dubitat,
873 2813 1051 2858 utrum
1077 2804 1309 2858 Cornelii
1322 2805 1468 2857 Galli
1490 2804 1560 2856 sit
1577 2826 1594 2857 .·
1602 2806 1756 2871 forte
1776 2804 1908 2856 enim
1933 2802 2142 2856 lc‘bellus
2159 2824 2255 2857 non
2275 2803 2459 2857 addito
2474 2823 2574 2856 aa·

506 2892 670 2947 ceoris
693 2891 888 2971 nomine
903 2892 1127 2947 exierat.
1150 2922 1216 2933 —
1236 2891 1503 2944 Labienus
1524 2893 1578 2943 in
1602 2891 1702 2942 hae
1730 2891 1967 2943 oratione
1998 2904 2181 2944 contra
2216 2892 2437 2945 heredes
2461 2894 2562 2945 Ur-

502 2981 661 3034 binim
678 2980 833 3045 dixit,
856 2999 1080 3051 quorum
1099 2993 1356 3052 patronus
1372 2991 1486 3031 erat
1510 2978 1733 3031 Asinius
1750 2976 1944 3031 Pollio.

444 3096 683 3158 Scimus
721 3092 947 3158 deinde
996 3115 1071 3158 ex
1124 3095 1378 3159 Senecoe
1439 3091 1707 3156 rhetoris
1766 3093 2070 3157 Controv.
2120 3094 2232 3156 lib.
2288 3098 2343 3156 V
2393 3096 2570 3177 praes.

358 3213 422 3274 p.
483 3194 597 3255 351
653 3190 756 3274 (p.
792 3193 914 3256 322
946 3193 1046 3254 ed.
1086 3192 1274 3274 Bip.)‚
1324 3192 1664 3254 Labienum
1717 3192 2068 3255 orationem
2113 3192 2433 3275 scripsisse
2455 3214 2573 3271 pro

361 3291 656 3370 Bathyllo
673 3293 1063 3363 MaecenatiS,
1099 3292 1197 3353 cni
1222 3288 1433 3355 Gallio
1448 3288 1883 3372 rescripserat.
1902 3291 2000 3353 De
2023 3291 2311 3373 Bathyllo
2333 3288 2575 3373 Lipsius

356 3391 632 3472 loquitur
675 3393 752 3453 ad
795 3392 994 3454 Tacit.
1031 3395 1203 3454 Ann.
1249 3393 1302 3467 1,
1340 3392 1443 3455 54.
1478 3388 1704 3481 [Locus
1724 3391 2015 3454 Senecae:
2054 3419 2082 3447 ι
2108 3390 2306 3454 Cassii
2333 3390 2573 3465 Severi,

362 3487 632 3549 hominis
673 3487 950 3549 Labieno
987 3486 1364 3570 junctissimi
1390 3532 1407 3561 ,
1463 3488 1627 3551 belle
1692 3489 1861 3550 dieta
1915 3508 2021 3551 res
2068 3487 2407 3550 ferebatur.
2463 3488 2577 3549 mo

363 3601 665 3669 tempore,
717 3606 836 3666 quo
871 3587 1022 3648 libri
1063 3587 1329 3649 Labieni
1370 3608 1448 3649 ex
1490 3588 1651 3651 scio
1680 3587 2049 3663 urebantur,
2092 3588 2272 3650 Nunc
2307 3605 2428 3660 me,
2474 3586 2571 3647 in·

364 3685 498 3764 quit
516 3730 537 3756 ,
592 3684 804 3745 vivum
847 3683 948 3744 nri
994 3696 1278 3764 oportet,
1344 3685 1448 3765 qni
1488 3685 1624 3747 illos
1662 3684 1914 3748 edidici.
1977 3683 2339 3750 Monstrabo
2392 3679 2577 3748 vob‘n

363 3783 594 3845 bellum
642 3781 947 3858 libellum,
998 3803 1184 3864 quem
1213 3803 1251 3844 a
1290 3781 1584 3847 Gallione
1614 3799 1824 3847 vestro
1853 3787 2099 3867 petatis.
2135 3785 2455 3848 Recitavit
2479 3803 2578 3846 ro·

363 3880 664 3964 scriptum
707 3884 985 3950 Labieno
1027 3903 1142 3967 pro
1181 3884 1466 3966 Bathyllo
1507 3885 1885 3959 MaecenatiS‚
1934 3881 2003 3947 in
2047 3905 2167 3968 qno
2215 3881 2575 3967 suspicietis

364 3977 784 4043 adolescentis
819 3977 1097 4044 animum
1126 4026 1142 4055 ,
1200 3980 1339 4046 illos
1387 3982 1605 4046 dentes
1644 3981 1725 4044 ad
1765 3983 2174 4046 mordendum
2225 4000 2572 4066 provocan-

365 4079 467 4156 tis.
507 4071 588 4163 a]

448 4176 715 4259 Quintil.
743 4178 857 4253 IX,
894 4177 957 4249 3,
1003 4177 1073 4242 13
1110 4199 1127 4237 ε
1155 4177 1335 4238 Nunc
1368 4175 1600 4238 evaluit
1626 4177 1805 4240 rebus
1824 4176 2171 4258 agentibus,
2191 4179 2355 4260 quod
2381 4178 2575 4246 Pollio

365 4278 429 4339 in
465 4275 746 4341 Labieno
769 4280 1052 4344 damnat.
