3367 5417
1579 374 1707 446 177

685 460 1021 578 magistratus
1045 504 1244 560 dicitur
1264 506 1483 569 habere,
1504 505 1769 577 quomodo
1786 518 1847 559 et
1869 506 2196 563 vocando-en
2225 516 2281 560 et
2308 505 2736 578 pubem-ioum,

687 592 740 646 id
758 606 861 659 cst,
880 593 1162 665 prodendi,
1180 593 1421 660 vocandi,
1440 592 1804 666 prehendendi
1814 590 1930 664 jus.

633 719 886 781 Festust
916 742 948 776 α
982 712 1287 807 [Naevium
1316 714 1563 805 silvam]
1581 762 1595 778 .
1608 764 1623 779 .
1637 763 1653 779 .
1689 737 1871 800 quam
1894 716 2217 801 opprobrii
2239 717 2380 778 loco
2417 711 2635 802 [objici
2663 719 2745 781 ab
2794 719 2880 791 71

549 813 823 898 antiquis
837 813 1096 908 solere],
1119 816 1319 898 quod
1300 838 1369 879 ιιι
1387 834 1466 878 ea
1486 816 1722 879 morari
1742 818 1853 879 ads
1863 810 2137 905 [uessent
2156 811 2389 901 perditi
2404 809 2513 902 ho]
2523 815 2741 890 mines,

547 911 725 977 testis
768 926 866 976 est
908 916 993 977 M.
1037 912 1228 1005 Ca[to
1267 916 1338 978 iu
1375 933 1454 977 ea
1499 934 1681 998 quam
1730 912 1980 999 scripsit
2008 913 2100 1005 in]
2146 912 2237 977 Μ.
2300 913 2553 975 Coelium
2590 918 2650 977 si
2682 936 2751 977 se

544 1010 778 1092 appella
789 1004 1051 1097 [missen.
1066 1006 1114 1100 .]
1156 1035 1196 1072 a
1236 1026 1418 1093 porta
1455 1013 1526 1073 N
1524 1034 1683 1076 oevza
1726 1027 1906 1099 atque
1933 1032 2070 1074 ex..
2124 1011 2399 1096 »Quem
2427 1011 2632 1074 locum
2663 1010 2755 1077 ita

546 1111 995 1196 suppleverunt
1022 1112 1325 1176 editores·
1346 1113 1542 1175 orsus
1570 1116 1690 1187 iter
1716 1132 1891 1175 eram
1916 1133 1957 1177 a
1982 1125 2168 1197 porta
2192 1113 2407 1178 Noevia
2433 1124 2624 1201 atque
2653 1134 2754 1177 ex-

550 1209 739 1269 inde
712 1230 777 1268 m
796 1229 1053 1271 nemom
1068 1207 1278 1272 Noevia
1298 1232 1339 1270 α
1357 1211 1540 1271 domo
1551 1210 1775 1290 procul
1786 1210 2020 1273 Naevia

629 1306 1147 1465 kajafin-Vlss,
1129 1310 1433 1394 ,.=p244
1466 1310 2756 1396 CaminM.Caecilium.Quistllimod1:

550 1424 688 1467 esse
814 1410 882 1469 t?

623 1560 842 1633 ι’ραι·.ς]
879 1558 1132 1613 Koehlius
1165 1580 1180 1612 ι
1212 1561 1396 1613 «Ante
1421 1564 1538 1633 quis
1571 1559 1814 1613 codicum
1850 1561 2163 1614 auctoritate
2185 1560 2359 1615 delevi
2387 1574 2458 1617 et.
2492 1585 2519 1613 ι
2557 1564 2759 1636 Aptum

694 1656 868 1697 tamen
903 1641 1115 1696 videtur
1145 1642 1201 1696 h.
1231 1641 1276 1696 l.
1315 1644 1505 1716 Ecquis
1545 1653 1649 1696 etc·
1694 1643 1763 1695 Et
1793 1642 1871 1696 sic
1911 1643 2125 1696 totidem
2157 1643 2328 1699 literis
2361 1647 2621 1718 scriptum
2649 1646 2763 1700 vidi

690 1729 750 1781 in
777 1728 896 1782 cod.
915 1727 1085 1801 Regio
1103 1728 1358 1796 7497,1x
1375 1746 1494 1783 saec.

637 1861 722 1921 Μ.
749 1860 983 1925 Goelius
1021 1875 1127 1924 aut
1155 1859 1440 1923 Caecilius
1464 1860 1671 1943 (litem
1702 1859 1871 1920 enim
1904 1858 2203 1921 dirimere
2244 1878 2372 1922 non
2418 1861 2761 1946 possumus)

554 1954 842 2019 tribunus
866 1955 953 2040 pl.
980 1956 1252 2020 minatus
1278 1968 1441 2029 erat,
1466 1955 1679 2018 nescio
1709 1974 1846 2029 cur,
1866 1954 2168 2019 Catonem
2189 1974 2257 2017 se
2280 1970 2714 2020 accusaturum
2737 1981 2754 2020 ε

552 2059 660 2122 sed
680 2071 1011 2140 autequam
1032 2059 1379 2140 appellarat
1397 2076 1561 2133 eum,
1586 2056 1743 2121 Cato
1770 2055 1906 2137 ipse
1936 2067 2159 2118 contra
2179 2054 2353 2118 illum
2372 2059 2571 2132 venit,
2595 2061 2761 2140 quod

555 2173 739 2217 causa
773 2155 914 2232 fuit,
947 2173 1068 2237 quo
1106 2150 1437 2217 desisteret
1473 2151 1555 2214 ab
1595 2152 1993 2216 accusatione
2019 2148 2336 2219 tribunus.
2383 2152 2758 2218 Nominatur

555 2253 641 2313 M.
668 2249 953 2316 caecilius
980 2246 1268 2314 tribunus
1293 2248 1382 2333 pl.
1415 2269 1582 2312 anuo
1605 2249 1729 2313 573
1759 2245 1829 2311 in
1861 2245 2069 2329 Pighii
2102 2250 2469 2315 Annalibus.
2515 2253 2754 2316 Macro-

554 2346 691 2410 bins
713 2348 1049 2422 Caecilium,
1084 2369 1260 2431 quem
1293 2345 1493 2410 ceteri
1531 2347 1839 2408 tribunum
1880 2346 2218 2430 appellant,
2248 2348 2509 2413 fortuito
2537 2369 2759 2415 errore

557 2465 901 2512 senatorem
934 2461 1159 2514 vocate
1202 2449 1447 2511 tribuni
1489 2448 1656 2510 enim
1702 2467 1867 2511 anno
1911 2449 2156 2511 demum
2194 2449 2368 2513 urbis
2401 2450 2523 2515 623
2557 2450 2756 2515 Atinii

552 2546 879 2629 plebiscito
906 2557 1225 2609 senatores
1251 2557 1398 2607 suut
1424 2544 1598 2606 sacti.
1621 2547 1701 2606 V.
1728 2544 2025 2609 Creuzer.
2062 2546 2284 2627 Autiq.
2309 2547 2490 2609 Rom.
2517 2548 2574 2629 ς.
2605 2548 2751 2613 153.

557 2642 713 2707 Cato
740 2655 945 2705 autem
974 2661 1141 2704 anno
1162 2638 1284 2703 604
1310 2652 1572 2703 mortem
1595 2640 1776 2702 obiit.
1810 2643 1895 2702 At
1919 2642 1988 2703 in
2017 2641 2140 2703 alia
2167 2659 2424 2722 prorsus
2446 2646 2760 2708 sententia

559 2745 637 2806 de
662 2742 871 2805 indice
900 2741 1202 2804 orationis
1227 2754 1322 2802 est
1337 2741 1647 2805 Weberus
1668 2758 1734 2823 p.
1763 2740 1867 2815 32,
1891 2737 1998 2822 qui
2025 2760 2166 2803 eum
2194 2760 2329 2804 esse
2354 2747 2547 2805 oratio
2570 2748 2636 2804 in
2657 2747 2752 2808 M.

567 2838 855 2909 Coelium,
885 2843 944 2900 si
969 2859 1037 2899 se
1064 2838 1373 2898 tribunum
1393 2837 1594 2918 plebis
1615 2838 2057 2918 appeHavisset,
2079 2850 2280 2921 putat.
2315 2842 2379 2903 Is
2402 2841 2615 2921 igitur,
2640 2844 2755 2921 ait,

559 2935 806 3000 titulum
834 2935 1070 2999 tribuni
1097 2947 1543 3018 usurpaverat3
1576 2953 1719 2998 cum
1746 2934 1907 3017 apud
1946 2934 2331 2999 Macrobium
2371 2950 2626 3003 senator
2665 2943 2756 3003 di·

560 3051 739 3102 catur
767 3058 892 3102 non
921 3034 1241 3133 ignobilis,
1265 3035 1527 3100 fortasse
1556 3034 1874 3119 conjicere
1899 3036 2115 3114 licere,
2142 3055 2281 3101 eum
2310 3052 2570 3125 propter
2590 3061 2756 3105 com·

561 3137 815 3203 missum
844 3139 998 3202 illud
1023 3136 1242 3202 salsum
1276 3160 1312 3202 e
1340 3150 1562 3201 senatu
1588 3149 1824 3204 motum
1852 3157 2011 3201 esse.
2062 3138 2373 3204 Praeterea
2407 3139 2761 3206 censoriam

561 3254 696 3300 esse
732 3238 1079 3301 orationem
1117 3233 1454 3300 existimat.

1155 3455 1257 3515 65.
1304 3473 1556 3516 cnoms
1596 3472 1821 3515 omno
1868 3475 1944 3515 oa
1988 3475 2164 3517 nors.

649 3656 891 3726 Gellius
918 3658 999 3730 X,
1038 3656 1158 3719 23:
1190 3655 1277 3716 M.
1299 3652 1454 3717 Cato
1486 3672 1611 3715 non
1641 3652 1840 3715 solum
1877 3649 2298 3732 existimatas,
2345 3657 2449 3719 sed
2480 3658 2773 3723 multatas

569 3777 806 3841 quoque
827 3777 864 3819 a
877 3755 1086 3840 judice
1115 3751 1408 3817 mulieres
1429 3749 1622 3813 refert
1652 3769 1778 3810 non
1804 3749 2029 3827 minuS,
2054 3749 2109 3812 si
2129 3751 2342 3814 vinum
2372 3753 2439 3815 iu
2466 3774 2530 3816 se
2592 3776 2776 3838 quam

569 3860 624 3923 si
663 3858 960 3945 probrum
1000 3869 1066 3921 et
1101 3854 1474 3919 adulterium
1511 3850 1926 3913 admisissent.
1979 3851 2189 3915 Verba
2235 3855 2321 3916 Μ.
2366 3854 2626 3919 Catonis
2677 3859 2778 3922 ad·

566 3954 793 4040 scripsi
836 3976 916 4019 ex
945 3954 1253 4028 oratioue,
1286 3970 1422 4032 quae
1449 3948 1817 4012 inscribitur
1847 3948 1949 4012 De
1988 3951 2148 4024 doce,
2193 3948 2260 4013 in
2300 3972 2419 4033 qua
2448 3954 2512 4015 id
2543 3974 2778 4039 quoque

568 4055 864 4138 scriptum
906 4065 1025 4127 est,
1067 4048 1135 4111 in
1166 4046 1469 4115 adulterio
1498 4067 1727 4109 uxores
1755 4048 2176 4131 deprehensas
2199 4048 2297 4133 jus
2327 4051 2511 4115 fuisse
2538 4050 2782 4118 maritis

572 4172 797 4220 necare
840 4175 856 4214 t
892 4151 1038 4222 Vir,
1084 4150 1308 4230 inquit,
1353 4168 1533 4233 quom
1573 4147 1893 4205 divortium
1915 4146 2118 4226 flacit,
2166 4148 2412 4208 mulieri
2442 4147 2634 4222 iudex
2662 4174 2783 4234 pro

2358 4264 2431 4317 23
