3367 5417
1400 466 1534 538 317

1008 712 1343 786 LXXXI.
1403 714 1498 785 Μ.
1562 717 1913 790 Caecilius,

363 920 378 934 ’
449 917 614 985 Plin.
649 921 726 980 H.
754 920 829 981 N.
861 918 1129 992 XXVII,
1158 918 1194 978 2
1234 939 1251 977 ε
1288 918 1570 993 Constat,
1622 919 1899 980 omnium
1947 939 2327 984 venenorum
2355 925 2565 988 ocissi-

368 1043 536 1085 mum
560 1041 692 1085 esse
723 1019 1060 1094 aconitum,
1090 1035 1154 1083 et
1185 1021 1368 1083 tactis
1391 1039 1632 1102 quoque
1658 1017 2035 1099 genitalibus
2063 1021 2347 1087 feminini
2386 1045 2567 1094 sexus

369 1117 728 1184 animalium
771 1120 986 1183 eodem
1026 1116 1127 1180 die
1167 1117 1403 1182 inferre
1430 1131 1717 1181 mortem.
1764 1119 1897 1181 Hoc
1926 1119 2044 1181 suit
2079 1141 2413 1197 venenum,
2445 1144 2564 1205 quo

364 1223 773 1304 interemptas
801 1221 1181 1283 dormientes
1215 1242 1252 1284 a
1278 1219 1619 1304 Calpurnio
1661 1220 1870 1283 Bestia
1896 1241 2120 1284 uxoroe
2147 1224 2243 1285 M.
2278 1224 2565 1284 Coecilius

366 1332 689 1384 accusator
722 1319 979 1402 objecit.
1014 1321 1177 1384 Hinc
1202 1320 1310 1383 illa
1353 1334 1532 1384 atrox
1557 1322 1874 1404 peroratio
1904 1322 2037 1404 ejus
2057 1324 2125 1383 in
2153 1319 2438 1401 digitum.

433 1462 520 1513 M.
554 1459 827 1529 Coeca'lc‘us]
871 1461 1228 1514 Ruhnkenius
1270 1460 1498 1513 correxit
1546 1461 1629 1512 M.
1672 1460 1905 1522 Coele'us,
1951 1473 2009 1512 ut
2046 1461 2201 1514 modo
2243 1461 2473 1515 diximus
2508 1462 2562 1513 in

506 1547 831 1616 Argumento
853 1545 927 1596 M.
951 1543 1112 1596 Coelii
1136 1543 1284 1606 Rufi,
1314 1542 1650 1596 adnotatione
1676 1544 1909 1597 secunda
1940 1563 1955 1595 ε
1984 1562 2107 1595 cum
2145 1557 2320 1597 autem
2345 1563 2566 1616 prorsus

508 1629 751 1700 ignotum
776 1629 868 1693 sit,
896 1628 1249 1701 Calpurnium
1279 1630 1502 1681 Bestiam
1522 1647 1552 1680 a
1577 1631 1649 1681 Μ.
1691 1628 1860 1680 Coelio
1888 1629 2031 1681 Rufo
2071 1628 2309 1682 veneficii
2348 1647 2563 1682 accusa-

509 1726 624 1766 tum
662 1733 800 1777 esse,
842 1714 1007 1767 malui
1044 1726 1332 1783 utrumque
1371 1726 1631 1768 oratorem
1669 1732 1908 1768 seorsum
1944 1725 2185 1774 tractare.
2238 1714 2349 1766 Nec
2388 1726 2563 1768 tamen

505 1798 672 1868 magis
707 1796 929 1868 probare
953 1814 1256 1869 possumus,
1293 1796 1415 1866 quis
1455 1795 1528 1848 sit
1570 1794 1668 1848 ille
1699 1799 1776 1849 M.
1824 1795 2091 1856 Caecilius,
2122 1783 2189 1848 de
2214 1813 2321 1866 quo
2355 1793 2567 1847 Plinius

505 1878 764 1949 loquitur,
790 1898 947 1949 quam
977 1880 1135 1943 illud,
1164 1880 1304 1951 quod
1335 1879 1695 1932 Ruhnkenius
1722 1878 1913 1942 voluit,
1940 1880 2177 1951 quamvis
2197 1880 2325 1931 satis
2342 1879 2413 1929 sit
2437 1898 2563 1950 pro-

507 1963 702 2016 babile.
739 1964 872 2016 Nam
909 1968 982 2018 M.
1029 1964 1232 2017 Coelius
1279 1975 1549 2016 accusator
1597 1964 1759 2037 vulgo
1808 1964 2199 2018 nominabatur.
2239 1963 2564 2033 Calpurnius

508 2045 719 2115 quidem
745 2046 917 2101 Bestia
943 2065 992 2099 a.
1036 2048 1133 2099 69¹1
1176 2065 1205 2099 a
1230 2046 1412 2099 nescio
1447 2065 1552 2117 quo
1578 2046 1810 2100 ambitus
1844 2065 1969 2100 reus
1994 2059 2078 2100 est
2106 2047 2277 2100 factus
2311 2045 2565 2099 Cicerone

504 2130 839 2186 defendente.
863 2133 980 2185 Cic.
1007 2132 1179 2203 Epist.
1208 2132 1275 2184 ad
1299 2133 1566 2200 Quintum
1594 2133 1679 2184 Fr.
1711 2131 1782 2195 11,
1813 2134 1865 2184 3.

995 2311 1357 2382 Lxxxn.
1418 2313 1518 2380 M.
1576 2309 1912 2382 Calidius.

1077 2405 1431 2504 [Ellendt.
1461 2432 1537 2504 p.
1582 2409 1669 2480 76
1694 2406 1851 2506 sq.]

443 2610 578 2674 Cic.
611 2612 792 2672 Brut.
826 2629 885 2671 c.
936 2612 1042 2683 79,
1097 2609 1220 2672 274
1253 2633 1268 2671 :
1302 2611 1385 2670 M.
1427 2612 1704 2674 Calidius
1745 2633 1871 2676 non
1913 2613 2033 2675 fuit
2081 2626 2294 2676 orator
2322 2633 2480 2693 unus
2526 2636 2562 2673 e

363 2710 598 2784 multis,
626 2711 834 2792 potius
860 2709 1029 2771 inter
1055 2711 1281 2772 multos
1305 2730 1500 2792 prope
1534 2712 1866 2791 singularis
1904 2711 2054 2786 fuit3
2092 2711 2184 2774 ita
2211 2714 2565 2774 reconditas

357 2806 808 2887 exquisitasque
854 2805 1200 2869 sententias
1254 2806 1459 2868 mollis
1497 2819 1562 2868 et
1610 2807 1933 2889 pellucens
1984 2808 2286 2869 vestiebat
2336 2809 2561 2870 oratio.

361 2907 530 2970 Nihil
576 2919 703 2969 tam
746 2920 1032 2970 tenerum
1070 2928 1253 2990 quam
1297 2905 1465 2970 illius
1514 2908 1982 2989 comprehensio
2014 2909 2377 2983 verborum,
2409 2908 2567 2971 nihil

361 3018 487 3068 tam
533 3003 824 3082 flexibile,
879 3005 1060 3079 nihil,
1117 3010 1279 3090 quod
1324 3007 1518 3089 magis
1546 3008 1737 3090 ipsius
1783 3007 2046 3070 arbitrio
2086 3007 2449 3089 fingeretur,
2501 3021 2569 3069 ut

359 3106 590 3169 nullius
624 3107 894 3169 oratoris
919 3126 1091 3188 aeque
1122 3110 1190 3171 in
1217 3117 1523 3192 potestate
1551 3105 1743 3170 fuerit
1764 3130 1783 3168 ε
1826 3128 1960 3190 quoe
1988 3111 2259 3191 primum
2282 3106 2369 3170 ita
2408 3129 2567 3192 pura

357 3219 516 3280 erat,
560 3220 630 3268 nt
658 3207 817 3269 nihil
859 3205 1184 3288 liquidiust,
1219 3209 1306 3270 ita
1336 3207 1538 3270 libere
1565 3206 1819 3288 fluebat,
1851 3221 1919 3269 ut
1948 3229 2245 3290 nusquam
2284 3210 2562 3269 adhaere-

355 3319 591 3385 sceret3
645 3307 882 3372 nullum
923 3305 1045 3371 nisi
1084 3309 1223 3372 loco
1254 3305 1541 3398 :positum
1590 3321 1654 3371 et
1694 3321 2010 3390 tamquam
2053 3310 2120 3370 in
2160 3308 2564 3374 vermiculato

357 3404 749 3474 emblemate,
775 3418 844 3467 ut
865 3407 954 3468 ait
976 3405 1273 3485 Lucilius,
1304 3420 1609 3471 structum
1639 3408 1904 3470 verbum
1925 3409 2173 3471 videres
2188 3437 2209 3486 3
2252 3427 2370 3469 nec
2411 3427 2562 3470 vero

356 3502 546 3568 ullum
567 3513 673 3562 aut
705 3503 926 3564 durum
960 3516 1067 3566 aut
1089 3505 1363 3568 insolens
1393 3518 1501 3567 aut
1518 3505 1753 3569 humile
1772 3518 1879 3568 aut
1901 3503 2142 3585 longius
2170 3508 2455 3580 ductum3
2486 3524 2560 3565 ac

358 3620 483 3661 non
503 3597 761 3681 propria
787 3600 986 3663 verba
1013 3621 1246 3678 rerum,
1276 3606 1382 3665 sed
1403 3603 1698 3686 pleraque
1724 3606 1977 3677 tralata,
2011 3606 2102 3666 sic
2130 3618 2362 3678 tamen,
2390 3617 2459 3664 ut
2486 3623 2556 3663 ea

359 3720 486 3762 non
510 3701 769 3763 irruisse
795 3699 862 3763 in
887 3700 1156 3763 alienum
1185 3702 1408 3779 locum,
1452 3706 1559 3766 sed
1586 3703 1969 3785 immigrasse
1994 3706 2061 3766 in
2088 3725 2262 3766 suum
2291 3704 2553 3767 diceres.

440 3801 595 3884 Cap.
627 3801 731 3875 80,
786 3802 910 3865 276
942 3824 962 3862 =
991 3803 1114 3866 Sed
1144 3825 1285 3866 cum
1326 3825 1364 3867 a
1395 3804 1575 3867 nobis
1609 3807 1797 3888 paulo
1831 3819 1977 3869 ante
2016 3805 2251 3868 dictum
2287 3808 2393 3876 sit,
2430 3806 2552 3867 tria
2606 3785 2751 3857 200

357 3900 558 3963 videri
596 3922 748 3977 esse,
783 3924 915 3984 quoe
958 3918 1174 3967 orator
1195 3904 1440 3969 efficere
1470 3908 1753 3986 deberet,
1785 3921 1855 3970 ut
1881 3909 2156 3983 doceret,
2189 3922 2255 3969 ut
2293 3906 2551 3969 delecta-

359 4015 478 4078 ret,
509 4016 581 4065 ut
600 4018 877 4067 moveret
910 4026 926 4064 ε
969 4006 1087 4068 duo
1135 4027 1369 4069 summe
1400 4010 1618 4084 tenuit,
1670 4025 1737 4071 ut
1758 4023 1823 4072 et
1849 4029 1983 4071 rem
2011 4008 2350 4071 illustraret
2372 4009 2552 4071 dissc-
2622 4007 2631 4016 “

358 4102 554 4163 rendo
580 4113 644 4164 et
669 4098 906 4164 animos
932 4121 1167 4177 eorum,
1205 4106 1311 4185 qui
1338 4104 1648 4181 audirent,
1677 4105 2023 4170 devinciret
2053 4104 2406 4187 voluptate3
2447 4105 2551 4166 ab·

357 4212 496 4262 erat
541 4197 732 4261 tertia
783 4200 889 4262 illa
930 4201 1083 4272 laus,
1124 4222 1243 4282 qna
1273 4217 1662 4283 permoveret
1704 4219 1887 4285 atque
1928 4205 2224 4267 incitaret
2266 4203 2544 4268 animos:

359 4320 472 4361 nec
495 4312 634 4361 erat
662 4300 782 4362 ulla
810 4298 908 4364 vis
938 4314 1120 4382 atque
1149 4301 1492 4366 eontentio.

1693 10 1830 15 Vre-
1885 8 1951 26 ,Ἰ
1975 10 2038 13 effi
2065 10 2074 13 -
2105 10 2204 13 ἡὴ.
2245 8 3367 28 -.ffinfi-ff-..r‘Y-jffiss-qwmcwj
