3367 5417
1401 461 1491 532 45

352 601 533 661 Brut.
560 618 617 658 c.
636 596 713 658 36
734 606 799 657 et
818 596 922 670 89,
945 615 1201 676 quorum
1226 596 1421 661 altero
1441 594 1495 657 si
1526 615 1651 659 non
1673 614 1949 677 magnus,
1974 611 2037 661 at
2058 611 2271 662 orator
2296 610 2528 674 tamen,

351 698 556 760 altero
587 709 911 758 accusator
938 715 1083 759 acer
1111 709 1175 758 et
1215 698 1475 760 acerbus
1516 697 1784 771 dicitur,
1826 717 2025 790 neque
2059 702 2221 784 apud
2264 697 2532 761 Tullium

346 815 552 877 neque
570 797 730 877 apud
751 794 938 857 alium
956 814 1318 903 quemquam
1336 795 1562 858 diserta
1581 794 1716 877 ejus
1742 797 1974 859 mentio
1995 796 2090 857 fit.
2121 797 2357 861 Vixisse
2394 817 2535 859 eum

342 895 426 957 ad
457 892 722 956 Sullanae
748 889 1214 975 proscriptionis
1233 904 1510 976 tempora
1532 915 1611 958 ex
1651 891 1784 955 Cic.
1818 892 1931 957 Or.
1963 913 2080 976 pro
2109 897 2293 957 Rosc.
2328 913 2385 955 c.
2429 895 2529 968 32,

348 994 461 1066 89,
489 992 876 1072 intelligitur,
894 989 947 1053 si
969 1004 1145 1054 certa
1166 1005 1261 1055 est
1278 990 1477 1056 Fulvii
1495 989 1715 1063 Ursini
1728 992 2109 1077 conjectura.
2146 997 2349 1055 Antea
2370 993 2538 1055 enim

346 1109 482 1152 non
529 1090 871 1153 Memmios
902 1089 1247 1169 legebatur,
1288 1091 1396 1151 sed
1439 1091 1814 1152 Mamer-cos.
1851 1092 2154 1153 Numerus
2199 1089 2537 1171 plurativos

354 1205 486 1248 non
518 1184 827 1268 prohibet,
861 1187 1181 1268 quominus
1224 1187 1299 1247 de
1329 1206 1450 1249 uno
1499 1189 1572 1249 L.
1623 1183 1911 1249 Memmio
1962 1187 2317 1266 cogitemus.
2349 1186 2539 1247 Paulo

350 1287 637 1349 crebrius
682 1288 753 1347 C.
794 1287 1136 1348 Memmius
1163 1284 1460 1350 occurrit.
1498 1291 1845 1369 Utrumque
1887 1306 2012 1350 non
2041 1284 2539 1371 improbabiliter

348 1383 607 1466 Pighius
626 1390 798 1450 Ann.
833 1386 958 1448 vol.
1004 1388 1125 1461 111,
1163 1406 1229 1467 p.
1263 1389 1365 1461 96,
1396 1385 1590 1447 filium
1623 1387 1777 1448 dicit
1802 1386 1873 1449 C.
1917 1385 2188 1449 Memmii
2210 1384 2406 1459 Galli,
2437 1382 2542 1467 qui

346 1486 640 1562 tribunus
659 1484 858 1568 plebis
885 1486 1081 1563 legem
1112 1487 1188 1546 de
1217 1484 1341 1546 reis
1366 1486 1529 1560 tulit,
1560 1485 1634 1548 C.
1669 1482 1878 1560 helio,
1910 1487 1991 1568 Q.
2038 1485 2322 1568 Coepione
2365 1485 2537 1546 Coss.

352 1604 413 1645 a.
453 1584 600 1646 613.
639 1582 824 1643 Hunc
850 1579 925 1643 0.
978 1578 1354 1653 Memmium,
1387 1581 1464 1641 de
1494 1600 1614 1660 quo
1650 1578 1934 1655 dicimus,
1970 1593 2328 1660 quaestorem
2359 1580 2541 1641 fuisse

353 1702 418 1743 a.
454 1683 604 1757 637,
633 1677 948 1741 tribunum
967 1675 1168 1760 plebis
1190 1697 1250 1740 a.
1286 1677 1430 1753 642,
1462 1697 1540 1738 ex
1566 1677 1854 1740 Sallustio
1882 1680 2025 1757 Jug.
2059 1698 2117 1739 c.
2153 1680 2258 1752 27,
2294 1679 2372 1739 30
2405 1698 2538 1759 sqq.

358 1789 428 1839 et
458 1777 704 1839 aliunde
735 1786 997 1838 constat.
1058 1773 1335 1835 Praetura
1361 1774 1608 1836 functus
1640 1771 1813 1836 circa
1840 1794 1901 1834 a.
1946 1775 2066 1837 648
2095 1771 2293 1836 videri
2321 1786 2542 1856 potest,

352 1895 495 1940 cum
522 1895 598 1936 ex
624 1868 950 1956 provincia
971 1890 1222 1933 causam
1259 1873 1741 1953 repetundarum
1764 1867 1995 1932 dixerit
2026 1867 2206 1953 (Cic.
2239 1873 2365 1933 Pro
2392 1872 2544 1933 Fon-

356 1969 472 2034 tei.
500 1992 559 2033 c.
613 1971 671 2044 7,
702 1968 912 2032 Valer.
940 1970 1105 2030 Max.
1140 1966 1307 2041 v111,
1341 1969 1402 2043 5,
1439 1967 1515 2049 3)
1543 1979 1607 2029 et
1629 1987 1689 2030 a.
1717 1966 1836 2030 653
1865 1966 1937 2030 C.
1974 1965 2193 2041 Mario,
2225 1967 2300 2027 L.
2324 1967 2547 2029 Flacco

354 2070 528 2133 Coss.
562 2070 949 2134 consulatum
966 2078 1184 2148 petens
1211 2086 1248 2129 a
1282 2066 1561 2135 Glauciae
1598 2080 1664 2129 et
1684 2066 2008 2131 Saturnini
2044 2063 2252 2150 operis
2300 2066 2544 2130 occisus

353 2166 568 2232 fuerit.
605 2169 749 2232 Noti
787 2167 910 2230 loci
941 2177 1086 2228 sunt
1118 2162 1251 2230 Cic.
1298 2165 1484 2229 Catil.
1509 2167 1618 2240 lv,
1650 2167 1713 2241 2,
1745 2163 1885 2236 Liv.
1915 2163 2079 2248 Epit.
2113 2163 2336 2241 LXIX,
2375 2167 2545 2228 Flor.

346 2269 474 2340 111,
511 2267 615 2344 16,
652 2265 924 2349 Appian.
949 2262 1105 2327 Bell.
1138 2262 1273 2327 civ.
1310 2264 1362 2335 l,
1398 2263 1499 2340 32,
1530 2263 1671 2327 coll.
1705 2264 1870 2325 Plut.
1921 2263 2122 2326 Mario
2165 2282 2226 2324 c.
2258 2263 2364 2325 29.
2393 2263 2548 2325 Inde

348 2379 490 2432 octo
511 2364 613 2428 vel
642 2366 855 2428 decem
887 2363 1068 2425 annis
1101 2363 1426 2429 Numidico
1454 2365 1761 2427 minorem
1787 2364 1971 2425 fuisse
2010 2362 2273 2445 patebit.
2321 2362 2545 2424 Multos

353 2486 674 2532 accusasse
719 2464 1010 2530 Ciceroni
1048 2465 1224 2525 Brut.
1272 2485 1331 2526 e.
1372 2466 1467 2528 -36
1514 2462 1820 2540 traditur,
1865 2463 1971 2545 qui
2009 2476 2217 2526 tamen
2271 2462 2538 2538 suerint,

350 2577 582 2647 proeter
617 2566 689 2626 L.
720 2559 1125 2644 Calpurnium
1156 2558 1451 2638 Bestiam,
1502 2580 1629 2624 non
1671 2561 1870 2641 liquet
1905 2552 2011 2647 [V.
2037 2558 2119 2621 fr.
2152 2578 2216 2640 p.
2263 2558 2384 2621 138
2412 2555 2536 2645 sq.]

349 2667 476 2729 Sed
501 2663 790 2747 quoniam
815 2659 920 2725 hic
942 2680 1080 2725 cum
1108 2658 1181 2724 C.
1213 2661 1439 2735 Galba,
1491 2662 1560 2724 L.
1593 2658 1868 2744 Opimio,
1907 2661 2016 2742 Sp.
2053 2658 2306 2733 Albino,
2329 2659 2404 2723 0.
2433 2659 2546 2722 Ca·

348 2778 498 2830 tone
524 2765 594 2825 in
625 2781 883 2825 numero
915 2763 1341 2825 damnatorum
1382 2765 1519 2843 lege
1544 2759 1820 2826 Mamilia
1847 2757 1986 2836 fuit,
2032 2780 2214 2842 quam
2236 2761 2436 2841 legem
2466 2760 2545 2822 ab

350 2866 487 2946 ipso
509 2861 797 2926 Memmio
810 2859 1060 2945 privato
1072 2863 1333 2926 maxime
1354 2847 1655 2946 perlaiam
1670 2859 2010 2924 verisimile
2027 2873 2141 2937 est,
2166 2862 2280 2923 hos
2290 2861 2547 2923 fortasse

353 2980 574 3024 omnes
615 2958 683 3023 iu
725 2957 1025 3040 judicium
1077 2980 1326 3024 vocasse
1382 2963 1697 3023 credetur.
1756 2958 2129 3021 Mordacitas
2172 2958 2440 3022 hominis
2474 2978 2549 3019 ex

354 3059 587 3124 acerbo
608 3060 738 3144 ejus
762 3060 830 3122 in
851 3059 1175 3134 Scaurum,
1196 3057 1412 3124 Bestiae
1425 3063 1814 3133 advocatum,
1839 3058 2006 3121 dicto
2033 3056 2303 3141 perspici
2321 3070 2544 3138 potest.

355 3162 503 3242 Ipse
526 3173 732 3222 tamen
752 3156 949 3221 simile
971 3154 1120 3238 quid
1142 3178 1177 3219 a
1195 3156 1418 3222 Crasso
1438 3179 1652 3241 passus
1667 3171 1763 3220 est
1793 3155 1961 3239 (Cio.
1981 3155 2077 3217 De
2104 3164 2264 3216 orat.
2297 3156 2382 3228 11,
2410 3153 2515 3234 52)
2531 3198 2544 3212 .

351 3260 488 3323 Hoc
515 3259 651 3323 loco
678 3254 886 3324 Ovidii
923 3258 1279 3335 admoneor,
1314 3259 1509 3340 quiin
1538 3260 1727 3322 Trist.
1761 3260 1847 3333 11,
1884 3256 2033 3332 433,
2079 3255 2391 3316 Memmii
2422 3272 2551 3310 car-

355 3364 585 3420 minum
605 3359 907 3422 meminit.
934 3360 1197 3435 Merula,
1220 3381 1421 3443 neque
1449 3357 1707 3424 Heinsio
1736 3380 1935 3441 neque
1960 3360 2316 3421 Burmanno
2336 3365 2550 3414 notan·

355 3457 544 3534 tibus,
568 3459 737 3523 hunc
757 3470 1034 3519 nostrum
1053 3460 1427 3536 Memmium,
1451 3461 1529 3524 de
1558 3481 1677 3542 quo
1701 3459 1987 3536 diximus,
2009 3470 2076 3520 et
2091 3457 2164 3517 C.
2198 3448 2552 3515 Memmium

356 3557 647 3633 alterum,
694 3552 957 3619 Caesaris
970 3558 1277 3638 ,oequalem
1317 3573 1383 3620 et
1416 3555 1764 3632 inimicum,
1793 3559 1872 3619 de
1908 3577 2028 3641 quo
2052 3554 2296 3619 Gellius
2318 3551 2557 3634 judicat

355 3654 532 3732 XIX,
560 3656 625 3731 9,
652 3651 934 3718 eumdem
962 3672 1092 3715 esse
1128 3655 1414 3717 credidit.
1454 3655 1741 3715 Fortasse
1762 3655 1830 3713 in
1858 3653 2004 3717 Vita
2034 3649 2311 3713 Terentii
2340 3647 2547 3711 Sueto-

352 3750 542 3816 niana
571 3772 628 3814 c.
662 3751 724 3822 3,
746 3769 807 3832 p.
842 3749 924 3811 43
956 3750 1053 3812 ed.
1081 3749 1272 3814 Wolf.
1317 3768 1431 3832 pro
1458 3750 1541 3832 Q.
1593 3749 1865 3811 Memmii
1894 3742 2278 3830 ignotissimo
2301 3743 2551 3810 nomine

362 3849 505 3911 Caii
535 3849 930 3912 scribendum
975 3860 1090 3910 est.
1138 3848 1391 3911 Incerta
1449 3844 1624 3928 cujus
1660 3846 1973 3920 Memmii,
2034 3845 2287 3909 fortasse
2331 3857 2547 3927 poetae,

355 3947 556 4012 verba
583 3962 725 4010 sunt
758 3947 921 4029 apud
969 3944 1242 4053 Capram
1284 3968 1349 4030 p.
1392 3946 1582 4009 2244.
1633 3942 1869 4022 Concio
1911 3945 2069 4028 apud
2096 3943 2444 4008 Sallustium
2482 3942 2550 4003 in

355 4048 502 4123 Jug.
529 4064 590 4106 c.
628 4043 729 4118 31,
760 4039 1119 4107 memoriam
1144 4046 1361 4108 saltem
1383 4063 1593 4108 rerum
1615 4063 1653 4103 a
1673 4039 1961 4108 Memmio
1987 4043 2368 4162 prolatarum
2403 4058 2545 4102 con·

356 4146 562 4210 tinere
587 4142 759 4206 credi
786 4156 1011 4227 potest.

444 4243 542 4308 36.
590 4243 883 4308 Decursis
908 4242 1099 4323 igitur
1128 4246 1350 4310 horum
1371 4242 1683 4319 aetatibus,
1718 4240 1935 4322 exiguo
1968 4240 2299 4306 intervallo
2335 4235 2552 4304 distin-
