3367 5417
1446 456 1585 530 359

404 594 481 655 de
508 591 756 656 fortuna
779 612 1043 675 quoque,
1071 611 1194 674 qua
1222 605 1484 675 uterque
1513 594 1895 673 abundabat,
1929 597 2199 680 adJ'ecitae
2234 599 2411 663 Nihil
2438 603 2619 664 vobis

403 696 611 753 miuus
635 694 829 766 deest,
855 709 1044 776 quam
1070 694 1148 752 de
1172 714 1291 776 quo
1319 696 1702 756 contendas.

473 831 744 897 Domiu‘oe]
772 827 1012 901 ejusdem
1036 830 1098 883 fit
1123 829 1325 883 mentio
1379 829 1626 894 aimmvl
1650 831 1703 895 3,
1726 831 1810 884 74.

485 952 762 1038 Quintil.
799 955 883 1032 X,
927 956 986 1030 1,
1030 952 1109 1015 24
1128 974 1146 1010 ε
1194 952 1387 1017 Nobis
1346 849 1639 1036 ‘'Pueris
1675 956 1951 1038 insigues
1994 970 2122 1019 tres
2157 977 2279 1037 pro
2308 959 2620 1024 Voluseno

409 1052 626 1115 Catulo
662 1052 927 1120 Domitii
965 1053 1125 1131 Afri,
1173 1055 1386 1134 Cn‘spi
1421 1055 1740 1131 Passieni,
1780 1057 1860 1118 D.
1900 1053 2077 1121 Laelii
2114 1061 2429 1123 orationes
2466 1061 2622 1126 sere·

400 1151 688 1310 ba'll'ssit.
717 1251 890 1311 Anu.
912 1250 1029 1324 vt,
1071 1248 1191 1312 20:
1243 1250 1388 1312 Mox
1432 1248 1660 1314 scitum
1705 1249 2018 1328 Passieni,
2051 1249 2351 1332 oratoris,
2387 1254 2621 1321 dictum

399 1347 802 1430 percrebuit,
845 1367 1039 1434 neque
1081 1349 1406 1410 meliorem
1435 1373 1706 1436 unquam
1734 1372 1975 1414 servum
2017 1374 2212 1438 neque
2253 1357 2619 1419 deteriorem

401 1441 974 1527 dominumfizisse.

473 1587 690 1653 dabam]
709 1586 766 1638 iu
784 1588 849 1641 C.
868 1586 1131 1642 Cesaram
1146 1588 1468 1662 Caligulam.
1499 1590 1747 1652 Meminit
1766 1589 1925 1643 etiam
1948 1590 2172 1646 Sueton.
2192 1589 2365 1664 Calig.
2382 1612 2433 1646 c.
2463 1596 2545 1647 10.

796 1776 986 1853 CIV.
1023 1777 1188 1850 Tib.
1224 1776 1594 1856 Claudius
1623 1779 1921 1854 Drusus
1948 1779 2220 1853 Caesar.

488 1992 783 2061 obtinuit
808 1990 1140 2075 imperium
1167 2011 1227 2054 a.
1250 1993 1330 2058 U.
1356 1992 1506 2067 793,
1529 2011 1597 2075 p.
1614 1991 1768 2056 Chr.
1789 1993 1896 2055 41.

490 2096 639 2155 Tac.
670 2095 842 2154 Anu.
871 2089 1054 2165 xm,
1085 2091 1162 2152 32
1204 2092 1334 2153 Nec
1374 2090 1444 2152 in
1473 2089 1759 2165 Claudio,
1792 2092 2079 2172 quotiens
2104 2089 2401 2155 meditata
2430 2093 2618 2156 disse-

404 2206 600 2269 reret,
623 2193 994 2273 elegantiam
1014 2193 1392 2273 requireres.

489 2293 718 2356 Exstat'
730 2295 800 2356 in
824 2293 1055 2356 tabulis
1077 2294 1268 2356 aeneis
1284 2292 1524 2355 duabus
1541 2294 1827 2372 Lugduni
1843 2295 2044 2356 erutis
2064 2292 2618 2358 celebratissimum

404 2394 707 2459 orationis
731 2391 979 2457 Claudii
1006 2393 1457 2478 fragmentum,
1489 2392 1558 2454 in
1585 2412 1709 2473 qua
1734 2391 1983 2476 dejure
2002 2393 2335 2459 Gallorum
2364 2391 2433 2456 in
2463 2397 2620 2459 urbe

402 2494 677 2555 honores
726 2488 1115 2575 adipiscendi
1163 2486 1512 2564 disseritur,
1567 2509 1703 2571 quae
1746 2490 2018 2572 primum
2066 2491 2232 2573 apud
2270 2494 2616 2558 Gruterum

403 2614 465 2677 p.
498 2592 646 2669 502,
673 2606 805 2654 ιιιιιι
845 2589 1203 2655 accuratius
1243 2590 1412 2654 edita
1454 2603 1549 2652 est
1590 2591 1658 2653 in
1700 2587 2001 2653 Brotierii
2028 2593 2249 2656 Tacito
2285 2595 2389 2656 ed.
2413 2596 2612 2660 Paris.

409 2692 595 2771 1820,
621 2694 747 2757 vol.
775 2694 890 2769 lv,
912 2712 977 2774 p.
995 2690 1145 2768 474,
1168 2689 1237 2755 in
1257 2693 1534 2754 Excursu
1556 2690 1851 2772 Lipsiano
1874 2690 1954 2752 ad
1973 2692 2177 2753 Tacit.
2200 2696 2372 2756 Anu.
2390 2715 2480 2769 xi,
2506 2695 2612 2759 24.

403 2794 694 2877 Ejusdem
720 2792 1053 2867 orationis,
1083 2811 1268 2873 quam
1296 2789 1591 2854 Claudius
1617 2810 1677 2851 a.
1703 2792 1788 2857 U.
1812 2788 1937 2853 800
1957 2789 2200 2861 habuit,
2223 2790 2393 2856 dedit
2421 2790 2618 2877 epito-

403 2911 548 2956 men
582 2891 835 2954 Tacitus
873 2888 943 2950 iu
984 2888 1216 2953 Annal.
1257 2909 1346 2963 xx,
1393 2886 1498 2949 24.
1544 2882 1946 2975 [Nuperrime
1973 2886 2283 2950 orationis
2312 2888 2619 2970 fragmen-

405 3008 536 3056 tum
565 2994 633 3056 in
681 2990 869 3054 aeueis
906 2987 1136 3051 tabulis
1179 3001 1499 3051 servatum
1542 2985 1844 3071 peculiari
1897 2981 2108 3048 libello
2154 2985 2393 3064 edidit,
2440 2991 2621 3054 docte

405 3093 749 3161 illustravit
805 3104 873 3154 et
899 3090 1221 3170 eleganter
1268 3091 1346 3153 de
1389 3085 1632 3154 Claudii
1659 3087 2017 3170 eloquentia
2043 3084 2334 3153 disseruit
2360 3091 2620 3155 Carolus

490 3186 660 3354 Suelt.
686 3286 905 3352 Claud.
939 3304 1000 3348 c.
1030 3283 1150 3348 38.
1198 3289 1295 3347 Ac
1337 3305 1418 3348 ue
1458 3283 1784 3348 stultitiam
1831 3283 2082 3366 quidem
2119 3303 2293 3348 suam
2338 3286 2617 3363 reticuit,

405 3385 876 3466 simulatamque
916 3403 955 3446 a
994 3403 1062 3446 se
1100 3403 1181 3446 ex
1221 3382 1528 3448 industria
1568 3380 1684 3444 sub
1710 3379 1889 3452 Caio,
1919 3382 2083 3463 quod
2113 3380 2297 3445 aliter
2325 3401 2620 3448 evasurus

407 3498 944 3568 pel-venturusque
982 3481 1063 3544 ad
1098 3494 1451 3564 susceptam
1489 3481 1821 3548 stationem
1847 3500 1978 3544 uon
2002 3481 2211 3559 suerit,
2253 3484 2618 3567 quibusdam

410 3583 812 3654 oratiunculis
837 3591 1100 3648 testatus
1126 3594 1244 3644 est.
1291 3583 1423 3644 Nec
1452 3594 1663 3645 tamen
1692 3581 2024 3664 persuasit,
2055 3602 2198 3646 cum
2224 3583 2397 3654 intra
2423 3584 2620 3650 breve

409 3695 651 3765 tempus
667 3679 833 3742 liber
850 3678 1053 3741 editus
1070 3678 1174 3754 sit,
1199 3674 1303 3740 cui
1318 3679 1510 3740 index
1526 3692 1667 3741 erat
1694 3682 1866 3748 μωρῶν
1841 3676 1954 3728 vva
1956 3676 2173 3743 ἀστασις,
2189 3692 2620 3761 argumentum

411 3795 638 3858 autem,
663 3781 992 3846 stultitiam
1015 3779 1333 3842 neminem
1355 3777 1620 3859 fingere.

496 3880 667 3948 lbid.
692 3905 748 3948 c.
777 3882 854 3945 3·
887 3879 1257 3965 Disciplinis
1283 3877 1652 3944 liberalibus
1682 3882 1762 3944 ab
1787 3893 1970 3945 attate
2000 3841 2203 3965 prima
2235 3901 2363 3945 nou
2391 3883 2622 3947 medio-

411 4001 586 4045 crem
610 4000 867 4064 operam
895 3982 1099 4057 dedit,
1132 3999 1210 4043 ac
1235 3998 1398 4063 noepe
1423 3978 1851 4062 experimenta
1881 3978 2179 4062 cujusque
2204 3979 2393 4046 etiam
2420 3980 2621 4063 publi·

413 4080 601 4144 cavit.
630 4082 866 4144 Verum
885 4099 966 4141 ne
982 4080 1075 4142 sic
1096 4079 1344 4161 quidem
1364 4072 1697 4159 quidquam
1717 4073 2040 4158 diguitatis
2058 4074 2299 4160 assequi
2321 4090 2430 4142 aut
2446 4097 2621 4162 spem

414 4178 492 4240 de
516 4196 584 4239 se
604 4175 1082 4240 commodiorem
1102 4176 1173 4238 iu
1195 4186 1510 4257 pasterum
1533 4173 1743 4238 facere
1766 4174 1990 4258 potuit.

499 4273 662 4337 lbid.
690 4291 753 4337 c.
777 4272 897 4336 262
928 4269 1335 4337 confirmavit
1360 4266 1655 4334 Claudius
1693 4290 1811 4354 pro
1851 4271 2158 4338 concione
2199 4272 2363 4356 apud
2402 4285 2620 4355 praeto·

2682 1823 2807 1894 241
