3367 5417
628 2850 709 2921 14

1814 454 1941 523 116

847 591 1004 674 Cap.
1047 591 1088 652 2
1120 613 1136 651 τ
1169 603 1350 667 Φαβίου
1380 601 1433 654 δὲ
1471 603 1695 672 Μαξίμου
1732 602 1815 657 τὴν
1852 601 2152 672 Ταραντίνων
2192 602 2328 652 πόλιν
2370 601 2580 663 ἑλόντος,
2624 603 2764 668 ἔτυχε
2806 606 2894 672 μὲν
2940 604 2967 655 ὅ

763 706 935 759 Κάτων
987 704 1350 775 στρατευόμενος
1401 705 1483 755 ὑπ’
1541 706 1672 774 αὐτῷ
1693 745 1707 769 ,
1765 700 1944 773 κομιδῇ
2003 702 2245 773 μειράκιον
2299 704 2380 755 ὧν.
2466 689 2672 773 Quum
2742 690 2971 754 Fabiu's

762 791 1097 851 Tarentum
1124 801 1378 870 caperet
1404 807 1571 850 anno
1604 787 1750 860 544,
1782 788 1938 850 Cato
1965 806 2162 850 annos
2193 786 2273 851 25
2306 798 2488 849 natus
2512 800 2679 850 erat.

845 885 1003 967 CRP·
1041 886 1116 947 Ῑ5
1152 910 1169 944 ἕ
1203 902 1412 970 Λέγεται
1449 900 1608 973 ὀλίγον
1638 899 1965 958 ἀπολιπούσας
2006 907 2098 951 τῶν
2126 900 2423 954 πεντήκοντα
2453 901 2619 971 φυγεῖν
2650 898 2812 964 δίκας,
2850 902 2968 970 μίαν

764 992 819 1045 δὲ
857 994 1136 1045 τελευταίαν
1174 995 1222 1056 ἓξ
1262 998 1342 1051 ἔπι
1380 995 1464 1047 καὶ
1512 994 1814 1068 ὀγδοήκοντα
1848 997 2124 1069 γεγονώς...
2188 998 2438 1067 Τεσσάρων
2472 994 2520 1047 δ’
2544 997 2703 1048 ἄλλων
2741 999 2967 1049 ἐνιαυτῶν

759 1104 1054 1169 διελθόντων,
1093 1107 1308 1177 Σερουΐου
1340 1107 1511 1172 Γάλβα
1546 1107 1871 1179 κατηγόρησεν
1900 1107 2199 1161 ἐννενήκοντα
2226 1106 2437 1178 γεγονὼς
2467 1106 2567 1161 (τη.
2606 1093 2763 1156 Cum
2790 1093 2968 1157 Livio

760 1208 1013 1272 prorsus
1038 1192 1352 1253 consentit
1379 1191 1779 1254 Plutarchus.

841 1291 997 1372 Cap.
1030 1293 1104 1353 16
1130 1316 1146 1350 ε
1175 1308 1269 1360 Τῆς
1287 1300 1335 1352 δ’
1353 1302 1588 1361 ὑπατείας
1606 1302 1811 1353 κατόπιν
1839 1303 1962 1352 ἔτεσι
1991 1298 2115 1351 δέκα
2137 1300 2382 1371 τιμητείαν
2402 1301 2425 1349 ὁ
2445 1298 2619 1351 Κάτων
2636 1299 2964 1372 παρήγγειλε.

761 1388 917 1452 Cato
944 1391 1159 1452 consul
1189 1402 1329 1451 erat
1358 1392 1506 1462 558,
1556 1408 1881 1452 censuram
1912 1385 2041 1467 egit
2076 1391 2220 1463 569,
2275 1382 2726 1468 quinquaginta
2773 1407 2972 1450 annos

761 1499 944 1549 natus
977 1488 1079 1549 vel
1107 1488 1376 1569 quinque
1421 1499 1487 1549 et
1511 1486 1960 1568 quinquaginta
1999 1504 2198 1547 annos
2233 1486 2571 1547 secundum
2606 1484 2875 1546 Livium.

844 1586 1003 1648 Cum
1031 1587 1207 1649 Livio
1236 1606 1428 1667 porro
1455 1587 1745 1666 congruit
1772 1585 2056 1648 Valerius
2083 1582 2386 1646 Maximus
2412 1604 2547 1658 vm,
2587 1585 2646 1658 7,
2704 1588 2729 1645 1
2757 1606 2775 1644 ι
2814 1583 2965 1644 Cato

760 1699 1003 1744 sea-tum
1034 1699 1094 1743 et
1126 1687 1566 1761 octogesimum
1599 1705 1827 1743 annum
1868 1702 2081 1762 agens,
2127 1683 2271 1740 dum
2304 1686 2369 1740 in
2396 1701 2526 1760 rep.
2561 1681 2779 1739 tuenda
2794 1676 2941 1761 juve

758 1786 876 1844 nili
909 1790 1118 1844 animo
1146 1799 1402 1864 perstat,
1437 1784 1516 1844 ab
1548 1788 1822 1844 inimicis
1859 1784 2114 1862 capitali
2142 1787 2400 1842 crimine
2439 1796 2755 1842 accusatus
2792 1801 2967 1840 suam

759 1906 1011 1946 causam
1038 1890 1182 1965 egit.
1221 1887 1386 1966 Quin
1410 1888 1596 1943 etiam
1633 1890 1695 1943 in
1736 1889 1870 1962 ipso
1906 1886 2244 1943 diutissime
2271 1898 2427 1942 actoe
2453 1888 2604 1942 vitae
2614 1883 2757 1963 fine
2775 1883 2968 1942 diser-

762 1989 992 2044 tissimi
1027 1990 1320 2061 oratoris,
1367 1985 1615 2058 Galbae,
1650 1988 2031 2045 accusationi
2069 1984 2498 2063 defensionem
2522 2002 2692 2041 suam
2721 2001 2840 2059 pro
2862 1982 2974 2040 Hi·

761 2089 982 2163 spania
1001 2089 1306 2161 opposuit.
1325 2088 1332 2095 ’

845 2181 1158 2242 Praetereo
1196 2181 1518 2243 Aurelium
1547 2181 1868 2244 Victorem
1908 2182 2004 2242 De
2039 2176 2199 2241 viris
2221 2177 2314 2241 ill.
2349 2179 2452 2253 47,
2503 2178 2759 2259 quinon
2791 2196 2975 2240 accu-

761 2287 898 2337 rate
919 2296 1229 2339 annorum
1259 2277 1402 2338 vitae
1422 2296 1749 2339 numerum
1769 2276 2047 2338 tradidit.
2082 2272 2278 2354 Magis
2308 2286 2513 2337 autem
2542 2272 2976 2338 memorabilia

762 2389 905 2437 sunt
931 2377 1127 2439 verba

844 2476 1125 2540 Cornelii
1157 2479 1414 2561 Nepotis
1442 2479 1584 2542 Cat.
1619 2498 1679 2540 c.
1728 2481 1767 2541 2
1799 2501 1815 2541 ε
1851 2479 2119 2538 Circiter
2145 2499 2337 2539 annos
2357 2483 2660 2558 octoginta
2684 2498 2872 2564 usque
2899 2479 2985 2537 ad

762 2591 1113 2636 est-tremam
1164 2592 1408 2637 aetatem
1456 2578 1535 2637 ab
1563 2579 1976 2638 adolescentia
2014 2578 2371 2655 reipublicae
2422 2598 2608 2637 causa
2662 2582 2983 2654 suscipen-

764 2677 1129 2735 inimicitias
1160 2696 1280 2735 non
1318 2676 1565 2735 destitit.
1600 2709 1686 2720 —-
1716 2673 2013 2757 Equidem
2046 2673 2278 2750 nescio,
2312 2686 2518 2735 utrum
2552 2673 2658 2734 hic
2705 2675 2980 2755 scriptor

764 2771 975 2833 dicere
1025 2773 1327 2848 voluerit,
1383 2793 1497 2856 per
1543 2793 1742 2834 annos
1791 2773 2048 2834 circiter
2105 2770 2425 2851 octoginta
2464 2773 2532 2833 in
2578 2773 2712 2834 foro
2760 2790 2980 2834 causas

765 2866 989 2927 dixisse
1036 2866 1371 2943 Catonem,
1424 2866 1514 2931 ita
1559 2883 1629 2931 ut
1668 2866 1937 2951 amplius
1980 2866 2323 2947 nonaginta
2369 2888 2570 2930 annos
2626 2870 2981 2931 necessario

771 2967 1026 3028 vixisset
1057 2965 1225 3049 (nam
1249 2970 1396 3032 inde
1419 2991 1456 3031 a
1477 2969 1720 3034 decimo
1743 2970 1939 3033 aetatis
1958 2990 2122 3033 anno
2154 2981 2327 3032 certe
2357 2988 2482 3031 non
2507 2981 2757 3051 poterat
2773 2983 2983 3052 patro·

772 3084 887 3125 nus
913 3064 1098 3147 esse),
1157 3086 1238 3128 an
1288 3065 1495 3149 potius
1529 3065 1928 3142 existimarit,
1974 3066 2275 3130 Catonem
2313 3086 2501 3147 usque
2531 3068 2611 3128 ad
2640 3080 2986 3129 extremam

768 3172 1035 3235 uitatem,
1071 3163 1245 3246 cujus
1273 3165 1611 3226 terminum
1649 3181 1817 3226 anno
1846 3165 1977 3227 sere
2020 3165 2395 3243 octogesimo
2425 3161 2730 3243 attigerit,
2766 3185 2986 3227 causas

768 3258 983 3338 egisse.
1040 3259 1331 3322 Ceterum
1377 3280 1518 3321 cum
1568 3259 1890 3336 sentirem,
1927 3263 2095 3323 hanc
2142 3264 2355 3325 Vitam
2409 3259 2687 3322 Cornelii
2721 3262 2988 3345 Nepotis

770 3360 1047 3423 omnium
1084 3358 1350 3422 maxime
1380 3362 1693 3423 historicis
1733 3363 2067 3423 virtutibus
2125 3383 2368 3437 carere,
2425 3363 2765 3443 impetrare
2814 3384 2853 3426 a
2887 3384 2987 3427 me

771 3484 897 3525 non
927 3458 1122 3569 poeni,
1157 3481 1278 3542 quo
1306 3460 1509 3523 minus
1524 3464 1913 3525 sententiam
1943 3483 2142 3526 meam
2166 3467 2242 3527 de
2262 3467 2384 3527 hoc
2407 3476 2665 3526 auctore
2705 3465 2990 3527 breviter

770 3579 1171 3641 exponerem.
1213 3559 1324 3621 11ae
1372 3555 1537 3623 Vitae
1573 3557 1860 3643 (excepta
1897 3562 2042 3623 Vita
2078 3560 2293 3646 Attici)
2335 3559 2631 3623 Cornelio
2684 3559 2986 3623 historico

772 3680 1028 3742 prorsus
1054 3677 1200 3724 sunt
1227 3661 1522 3741 indignae.
1574 3664 1659 3735 Is,
1696 3660 1804 3744 qui
1835 3684 1941 3725 eas
1969 3664 2240 3746 scripsit,
2288 3663 2477 3724 homo
2501 3661 2705 3723 bonus
2734 3663 2991 3742 quidem

774 3771 839 3820 et
885 3763 1157 3840 prudens
1209 3775 1322 3835 est,
1362 3763 1470 3823 sed
1513 3759 1833 3840 ingenium
1861 3777 2043 3845 atque
2072 3763 2311 3827 indoles
2359 3759 2642 3824 historici
2670 3762 2728 3822 ei
2756 3762 2978 3824 defuit.

774 3856 979 3936 Atque
1002 3853 1070 3918 in
1100 3878 1272 3919 usum
1298 3859 1650 3921 scholarum
1677 3879 1714 3918 a
1744 3859 2169 3938 ludimagistro
2213 3859 2477 3940 quodam
2504 3860 2784 3920 Romano
2820 3879 2985 3922 com·

773 3950 1007 4033 positas
1040 3974 1170 4017 esse
1217 3954 1615 4017 crediderim.
1660 3953 1881 4017 Eidem
1932 3976 2122 4038 porro
2169 3958 2411 4028 soeculo,
2457 3957 2525 4018 in
2577 3975 2697 4037 quo
2742 3956 2996 4016 Aurelii

777 4054 850 4113 V
843 4059 1054 4114 ictoris
1081 4053 1233 4115 Viri
1264 4054 1528 4114 illustres
1550 4065 1614 4114 et
1649 4052 1953 4129 Caesares,
1993 4052 2309 4133 originem
2342 4073 2684 4137 sumpsere,
2720 4072 2830 4115 eas
2856 4052 2989 4113 vin-

776 4152 939 4213 dico,
978 4157 1365 4237 Quamquam
1394 4167 1459 4216 et
1485 4154 1740 4217 Aurelii
1790 4154 2062 4217 Victoris
2085 4156 2235 4217 Viri
2272 4157 2536 4216 illustres
2558 4168 2622 4216 et
2658 4154 2943 4214 Coesares
2960 4198 2983 4224 ‚

777 4250 880 4329 qui
912 4250 1022 4310 sub
1051 4252 1319 4330 ejusdem
1351 4250 1603 4314 nomine
1631 4253 1940 4325 seruntur,
1976 4273 2102 4315 non
2142 4254 2219 4315 ab
2251 4256 2466 4315 eodem
2494 4254 2803 4334 scriptore
2844 4268 2991 4333 pro·
