3367 5417
1421 467 1543 539 121

384 611 684 673 diversum
713 609 981 684 pretium
1025 624 1323 682 paravere
1370 603 1540 665 bonis
1596 618 1773 688 aeque
1816 606 2099 676 strenuis,
2146 602 2583 673 decurionatus,

383 713 748 788 optt’onatuS,
787 703 991 766 hastas
1016 705 1329 765 donaticas
1349 705 1624 789 aliosque
1650 701 1930 765 honorus.

452 856 773 930 optionatus]
790 853 984 927 gradus
1006 866 1060 906 et
1076 872 1274 907 munus
1296 866 1379 907 est
1403 853 1654 926 optionis.
1677 852 1940 924 Optiones
1964 850 2104 924 apud
2128 818 2418 904 exercitum
2434 851 2594 917 iidem

527 955 674 1006 sunt,
693 940 788 1012 qui
804 939 934 993 alias
952 940 1160 992 accensi
1176 938 1449 992 dicuntur.
1470 940 1722 992 Creuzer.
1744 937 1928 1008 Antiq.
1950 937 2104 990 Rom.
2134 939 2180 1006 §.
2211 937 2335 991 242.

457 1030 620 1084 haseoe
642 1028 910 1094 donatt’coe]
937 1028 977 1080 i.
999 1045 1049 1081 e.
1071 1026 1255 1089 hastoe,
1281 1026 1479 1098 quibus
1503 1026 1702 1080 milites
1728 1025 2082 1078 donabantur.
2111 1027 2361 1079 Cmuzer.
2391 1029 2434 1095 §.
2468 1028 2592 1080 5260.

537 1114 806 1184 lusci-iptt.
844 1110 1038 1165 Orellii
1072 1131 1130 1163 n.
1164 1110 1335 1165 345⁷:
1367 1109 1533 1163 Done's
1553 1110 1743 1164 donato
1771 1111 1836 1161 ab
1867 1108 1990 1179 inp.
2026 1107 2213 1164 Severo
2248 1117 2303 1164 ct
2339 1109 2601 1164 Antonino

541 1201 725 1270 Augg.
747 1194 902 1248 hasta
915 1213 1084 1267 pura,
1106 1213 1289 1247 corona
1309 1213 1492 1248 aurea.

478 1333 627 1396 Lion
649 1353 712 1416 p.
731 1334 811 1395 79
828 1333 972 1394 huic
990 1329 1264 1395 orationi
1280 1333 1520 1396 addidit
1537 1334 1656 1394 duo
1674 1332 2045 1413 fragmenta,
2066 1352 2198 1414 quae
2218 1353 2296 1397 ex
2312 1330 2606 1399 oratione

393 1428 474 1503 (le
493 1435 663 1500 bello
681 1431 1188 1513 Carthaginiensi
1206 1436 1502 1517 decerpta
1527 1444 1697 1495 sunt.

890 1643 949 1704 3.
1001 1642 1168 1706 Crto
1211 1663 1296 1704 sn
1340 1662 1620 1704 romum
1663 1664 1742 1705 nu
1784 1663 2110 1706 rmnnrno.

483 1826 630 1885 Hoec
657 1816 859 1885 oratio
887 1815 1134 1882 videtur
1160 1816 1381 1882 habita
1409 1839 1578 1881 anno
1609 1823 1767 1895 539,
1817 1841 1957 1883 cum
1999 1842 2079 1884 ex
2117 1819 2419 1903 Hispania
2451 1819 2605 1884 Cato

401 1918 736 2005 proconsul
755 1916 1054 1978 redierat.
1085 1915 1518 1996 Imperatores
1536 1917 1709 1977 enim
1729 1914 1999 1979 Romani
2019 1919 2088 1979 in
2108 1918 2410 1980 concione
2431 1929 2611 1979 extra

399 2019 622 2083 urbem
668 2037 841 2080 more
890 2014 1194 2096 majorum
1239 2029 1387 2077 ante
1438 2013 1740 2098 triumphi
1783 2015 1947 2079 diem
1993 2018 2277 2081 ordinem
2325 2029 2607 2079 actorum

398 2139 654 2183 suorum
683 2132 1164 2180 commemorare
1194 2114 1516 2188 solebant,
1560 2127 1632 2176 ut
1668 2113 2021 2193 Velleiusl,
2053 2119 2153 2194 10,
2179 2115 2243 2193 4,
2291 2115 2606 2180 memoriae

398 2213 682 2281 tradidit.
737 2211 954 2278 Livius
993 2209 1291 2287 XXXIV,
1332 2211 1458 2274 46.
1490 2237 1519 2269 ι
1551 2214 1634 2275 Μ.
1672 2211 1934 2277 Porcius
1980 2216 2134 2277 Cato
2179 2235 2258 2276 ex
2303 2210 2606 2321 Hispania

399 2309 828 2396 triumphavit.
863 2304 1073 2375 Tulit
1056 2327 1124 2369 tu
1145 2326 1221 2369 eo
1239 2308 1555 2419 triumpho
1573 2312 1820 2388 argenti
1845 2309 2065 2374 infecti
2085 2308 2314 2392 viginti
2334 2307 2605 2393 quinque

398 2412 597 2477 millia
621 2414 853 2495 pondo,
895 2407 1097 2489 bigati
1124 2419 1375 2470 centum
1402 2405 1630 2489 viginti
1660 2406 1782 2471 tria
1809 2408 2042 2486 millia,
2094 2408 2393 2475 Oscensis
2430 2394 2609 2492 quin·

401 2523 591 2591 genta
621 2504 1057 2591 quadraginta,
1091 2500 1228 2564 auri
1257 2504 1461 2585 pondo
1488 2501 1659 2566 mille
1686 2503 2162 2585 quadringenta.
2198 2505 2501 2569 Militibus
2527 2528 2605 2570 ex

401 2614 607 2696 praeda
656 2606 872 2671 divisit
914 2604 982 2668 in
1028 2603 1304 2683 singulos
1352 2604 1624 2668 ducenos
1670 2620 2086 2688 septuagenos
2135 2609 2316 2681 teris,
2371 2605 2602 2691 triplex

400 2709 620 2794 equiti.
642 2734 673 2769 n
693 2704 903 2795 [Cous.
932 2727 993 2768 e.
1016 2704 1123 2779 42,
1152 2716 1216 2764 et
1238 2702 1491 2779 XXXV,
1516 2700 1819 2791 9.]-sic
1841 2708 2234 2769 statuendum
2257 2726 2394 2769 esse
2414 2718 2597 2789 puto:

403 2814 515 2875 sed
561 2803 894 2889 inscriptio
938 2800 1244 2868 orationis
1288 2800 1356 2865 in
1405 2803 1591 2866 aliam
1638 2801 1826 2866 nimis
1878 2803 2196 2887 quaesitam
2245 2804 2605 2889 opinionem

404 2906 581 2993 prius
608 2925 708 2968 me
736 2906 1020 2966 duxerat.
1063 2900 1352 2965 Solemne
1379 2914 1547 2976 erat,
1584 2921 1620 2962 a
1647 2915 1866 2963 senatu
1896 2904 2150 2966 decerni
2179 2905 2557 2985 triumphum
2583 2928 2599 2966 :

405 3028 556 3074 raro
581 3007 779 3070 invito
805 3015 1026 3066 senatu
1054 3002 1315 3084 populus
1344 2998 1409 3061 id
1432 2996 1605 3063 fecit.
1640 3002 1775 3063 Liv.
1804 3005 1918 3079 111,
1945 3004 2024 3067 63
2047 3026 2064 3078 3
2094 3007 2241 3078 VII,
2267 3006 2366 3068 17.
2399 3004 2607 3088 Suspi-

404 3113 603 3179 cabar
630 3121 857 3183 autem,
891 3105 955 3168 id
993 3101 1195 3187 ipsum
1232 3100 1645 3185 inscriptione
1671 3102 1929 3167 Catonis
1957 3103 2327 3185 significari.
2372 3109 2608 3169 Narrat

403 3208 576 3275 enim
600 3205 973 3272 Plutarchus
1007 3202 1146 3266 Cat.
1175 3220 1233 3262 c.
1269 3201 1339 3262 11
1367 3221 1386 3262 ε
1430 3196 1823 3282 Scipionem,
1856 3201 2113 3267 Catonis
2152 3201 2507 3276 inimicum,
2541 3201 2607 3265 in

405 3304 849 3390 proconsulatu
876 3296 1193 3383 Hispaniae
1232 3294 1291 3359 ei
1331 3298 1667 3361 succedere
1698 3298 1994 3376 voluisse,
2045 3314 2110 3364 et
2149 3313 2434 3384 questum
2473 3321 2610 3364 esse

410 3410 490 3470 de
525 3405 714 3468 rebus
747 3404 880 3486 ejus
913 3396 1128 3478 gestis·
1178 3399 1361 3467 Unde
1388 3397 1758 3479 colligebam
1779 3449 1795 3477 ,
1829 3399 2219 3486 Scipionem,
2254 3400 2609 3486 principem

409 3515 686 3575 senatus,
715 3497 940 3562 Catoni
971 3496 1352 3578 triumphum
1380 3493 1630 3574 roganti
1657 3497 1996 3576 obstitisse,
2039 3502 2127 3563 ita
2168 3513 2238 3561 ut
2278 3515 2492 3562 orator
2533 3501 2610 3561 ad

410 3601 702 3685 populum
731 3597 809 3658 de
836 3612 908 3654 re
937 3591 1247 3652 retulerit.
1295 3591 1495 3664 Idem,
1526 3595 1691 3672 quod
1720 3594 2122 3670 Plutarchus,
2156 3598 2354 3657 Corn.
2380 3599 2607 3678 NepoS,

411 3699 547 3763 Vit.
562 3698 777 3763 Cat.c.
796 3692 859 3768 2,
882 3688 1159 3752 tradidit.
1185 3691 1420 3752 Verum
1435 3691 1768 3763 Weberus,
1787 3692 2179 3756 acutissimus
2199 3693 2343 3757 vitae
2360 3696 2614 3760 Catonia

416 3808 775 3866 enarrator,
802 3809 947 3900 pag.
972 3787 1055 3849 24
1094 3787 1158 3850 id
1198 3786 1265 3848 in
1310 3783 1389 3848 iis
1430 3786 1622 3850 habet
1661 3789 1925 3868 sabelliS,
1965 3813 2117 3874 quas
2142 3796 2210 3856 in
2243 3794 2613 3859 calumniam

422 3892 706 3961 Africani
736 3886 1136 3951 inimicorum
1166 3883 1388 3965 aliquis
1415 3880 1811 3951 confinxerit.
1841 3889 1996 3953 Cum
2026 3902 2231 3953 autem
2260 3890 2472 3975 Scipio
2494 3894 2614 3954 Na·

419 3992 580 4063 sica,
606 3983 906 4071 patruelis
935 3979 1240 4056 Africani,
1282 3978 1350 4043 in
1386 3980 1751 4081 Hispaniam
1790 3983 2147 4051 ulteriorem
2171 3989 2407 4052 Catone
2441 3992 2617 4052 dece-

425 4098 619 4158 dente
638 4085 862 4150 miseus
887 4080 1095 4158 fuerit,
1116 4097 1292 4145 recte
1313 4072 1561 4145 Bosium
1583 4087 1661 4145 ad
1683 4088 1982 4170 Nepotem
2007 4089 2321 4171 judicasse
2347 4089 2524 4169 dicit,
2544 4112 2619 4154 ex

430 4193 552 4254 hac
570 4177 1026 4292 permutatione
1044 4179 1217 4241 illam
1238 4191 1447 4241 natam
1468 4200 1603 4242 esse
1624 4182 2020 4250 calumniam.

519 4279 831 4347 Priscian.
871 4278 993 4351 111,
1026 4279 1084 4352 l,
1116 4296 1178 4357 p.
1208 4275 1327 4339 108
1355 4277 1452 4339 ed.
1480 4276 1672 4340 Krehl
1699 4300 1716 4339 τ
1764 4280 2177 4347 Inveniuntur
2213 4286 2481 4366 quaedam
2519 4287 2621 4348 ad·

2220 4400 2283 4449 16

2666 2808 2746 2881 19
