3367 5417
1836 478 1963 546 108

806 612 1208 688 conveniens,
1234 624 1298 673 et
1330 612 1424 674 illi
1457 625 1744 676 auctores
1768 615 2061 725 sequendi
2091 626 2254 687 sunt,
2290 613 2396 696 qui
2423 633 2565 677 cum
2591 616 2666 676 L.
2686 613 2903 696 Scipio
2928 629 2997 678 et

805 721 1123 772 accusatus
1149 700 1214 770 et
1241 711 1564 771 damnatus
1599 711 1684 771 sit
1726 711 2002 792 pecuniae
2038 723 2235 793 captoe
2270 713 2352 774 ab
2391 730 2573 791 rege,
2613 710 2945 790 legatum
2924 733 2997 773 ιιι

799 806 1049 869 Etruria
1089 806 1274 868 fuisse
1316 807 1676 869 Africanum
1721 811 2011 871 tradunt.
2059 829 2178 889 quo
2220 821 2361 891 post
2398 809 2620 871 famam
2663 811 2742 871 de
2780 809 2994 871 fratris

800 921 950 965 casu
972 903 1256 976 allatam,
1304 906 1523 966 relicta
1549 902 1859 990 legatione
1889 904 2235 969 cucurrisse
2261 926 2401 968 eum
2428 908 2723 984 Romam·
2755 917 2822 968 et
2850 925 2991 968 cum

802 1022 839 1063 a
866 1014 1050 1083 porta
1078 1016 1252 1065 recta
1287 1005 1368 1064 ad
1400 1003 1600 1066 forum
1627 1024 1691 1067 se
1719 1004 2106 1077 contulisset,
2136 1005 2342 1086 quod
2323 1025 2391 1068 ιιι
2420 1004 2669 1067 vincula
2696 954 2839 1067 duci
2863 1006 2989 1066 fra-

799 1109 964 1160 trem
992 1098 1223 1161 dictum
1251 1113 1408 1173 erat,
1440 1101 1737 1182 repulisse
1765 1121 1803 1162 a
1831 1120 2093 1182 corpore
2119 1100 2254 1182 ejus
2284 1101 2612 1175 viatorem,
2634 1113 2699 1163 et
2722 1100 2994 1163 tribunis

798 1198 1218 1261 retinentibus
1236 1199 1432 1278 magis
1454 1199 1557 1281 pie
1579 1220 1761 1281 quam
1783 1198 2054 1263 civiliter
2073 1199 2203 1264 vim
2220 1202 2457 1264 fecisse.
2490 1201 2653 1264 Hinc
2675 1201 2842 1263 enim
2861 1201 2996 1283 ipse

798 1301 1125 1365 Gracchus
1153 1302 1451 1381 queritur,
1485 1298 1843 1369 dissolutam
1880 1323 2014 1365 esse
2053 1323 2091 1364 a
2130 1304 2376 1385 privato
2400 1301 2792 1366 tribunitiam
2820 1315 2997 1383 pote-

796 1412 1053 1477 statem,
1096 1412 1161 1462 et
1185 1402 1264 1462 ad
1296 1414 1673 1483 postremum
1684 1448 1708 1478 ,
1741 1423 1882 1466 cum
1910 1404 2201 1465 auxilium
2228 1405 2301 1465 L.
2330 1404 2611 1485 Scipioni
2635 1403 2989 1485 pollicetur,

799 1495 1018 1577 adjicit
1044 1498 1481 1561 tolerabilioris
1505 1501 1774 1583 exempli
1800 1520 1932 1562 esse
1948 1545 1963 1573 ,
1997 1520 2035 1561 a
2065 1499 2316 1563 tribuno
2349 1499 2548 1581 plebis
2579 1500 2784 1581 potius
2809 1520 2992 1579 quam

800 1615 839 1655 a
863 1596 1111 1677 privato
1130 1595 1358 1658 victam
1373 1596 1575 1658 videri
1596 1612 1657 1660 et
1675 1595 2065 1661 tribunitiam
2086 1609 2448 1679 potestatem
2468 1610 2532 1661 et
2548 1597 2997 1680 rempublicam

798 1710 951 1753 esse.
1001 1693 1126 1757 Sed
1153 1692 1241 1755 ita
1268 1695 1433 1756 hanc
1461 1714 1650 1763 unam
1676 1693 1809 1775 ejus
1836 1697 2237 1777 impotentem
2266 1693 2559 1775 injuriam
2586 1694 2823 1756 invidia
2850 1713 2999 1756 one-

797 1804 925 1866 rat,
942 1806 1035 1866 ut,
1052 1794 1461 1876 increpando,
1482 1796 1642 1875 quod
1660 1796 2062 1874 degeneravit
2080 1807 2322 1856 tantum
2346 1815 2384 1856 a
2402 1814 2471 1856 se
2485 1796 2639 1876 ipse,
2654 1795 2995 1857 cumulatas

798 1890 860 1953 ei
875 1905 1117 1954 veteres
1140 1891 1352 1955 laudes
1378 1893 1818 1956 moderationis
1840 1908 1910 1955 et
1936 1893 2360 1975 temperantioe
2380 1912 2494 1974 pro
2513 1894 3000 1976 reprehensione

799 1988 1095 2071 praesenti
1120 1992 1365 2052 reddat.
1398 1990 1783 2068 castigatum
1809 1990 1976 2053 enim
2005 1992 2312 2071 quondam
2339 1991 2419 2054 ab
2447 2011 2521 2053 eo
2542 1991 2851 2074 populum,
2872 1993 2989 2067 ait,

801 2091 961 2169 quod
990 2109 1130 2151 eum
1158 2104 1518 2171 perpetuum
1548 2091 1862 2153 consulem
1890 2104 1956 2153 et
1982 2092 2352 2154 dictatorem
2376 2093 2562 2154 vellet
2586 2094 2812 2166 facere,
2839 2111 2984 2175 pro-

797 2191 1071 2253 hibuisse
1097 2204 1332 2253 statuas
1357 2192 1477 2254 sibi
1502 2193 1570 2253 in
1600 2192 1874 2267 comitio,
1896 2193 1962 2253 in
1981 2194 2225 2263 rostris,
2250 2194 2318 2253 in
2339 2193 2537 2271 curia,
2560 2193 2629 2254 in
2657 2193 2989 2275 Capitolio,

796 2288 867 2351 in
896 2292 1055 2353 cella
1079 2291 1257 2354 Jovis
1283 2293 1465 2373 poni,
1496 2292 1908 2375 prohibuisse,
1943 2313 2026 2355 ne
2052 2295 2529 2370 decerneretur,
2557 2307 2628 2355 ut
2650 2294 2858 2373 imago
2886 2314 2993 2355 sua

797 2391 1160 2472 triumphali
1185 2402 1412 2453 ornatu
1447 2412 1484 2453 e
1522 2393 1752 2475 templo
1779 2394 1820 2454 J
1823 2393 1958 2455 ovis
1984 2392 2207 2476 optimi
2236 2393 2485 2456 maximi
2510 2392 2734 2457 exiret.
2778 2388 2987 2479 [Cous.

800 2511 863 2554 c.
894 2483 1032 2576 52]

885 2592 1146 2656 Constat
1185 2608 1357 2668 ergo,
1400 2590 1746 2655 orationem
1786 2593 1984 2669 illam,
2019 2612 2150 2673 quae
2179 2591 2515 2667 serebatur,
2547 2591 2687 2653 Tib.
2718 2590 2995 2654 Gracchi

708 2687 749 2758 5
800 2708 914 2772 pro
928 2692 1000 2752 P.
1019 2687 1308 2768 Scipione
1330 2706 1480 2765 non,
1501 2707 1640 2749 cum
1664 2710 1702 2750 a
1720 2689 1927 2753 Naevio
1941 2687 2118 2754 Trib.
2142 2689 2228 2772 pl.
2248 2688 2681 2765 accusabatur,
2696 2683 2993 2767 scriptam

795 2785 1008 2858 fuisse,
1035 2787 1142 2847 sed
1167 2806 1310 2848 cum
1332 2796 1698 2866 potestatem
1714 2784 2108 2849 tribunitiam
2133 2783 2492 2848 violaverat.
2522 2784 2702 2866 Quod
2721 2779 2998 2865 pertinet

800 2884 878 2943 ad
900 2901 1130 2945 annum
1152 2884 1236 2948 U.
1263 2882 1407 2953 566,
1434 2903 1552 2964 quo
1575 2881 1862 2947 tribunus
1886 2881 2087 2968 plebis
2109 2896 2246 2945 erat
2267 2881 2407 2944 Tib.
2430 2880 2781 2944 Gracchum

885 2976 1021 3041 Cic.
1064 2980 1162 3040 De
1202 2991 1363 3040 orat.
1400 2980 1463 3054 Ι,
1514 2983 1593 3044 9:
1642 2983 1773 3061 Ego
1813 3000 1971 3045 vero
2008 2977 2062 3041 si
2108 2976 2299 3042 velim
2336 2991 2404 3038 et
2444 2989 2675 3039 nostrae
2717 2973 2990 3039 civitatis

801 3073 1100 3157 exemplis
1127 3072 1243 3147 uti,
1276 3088 1342 3137 et
1368 3072 1656 3152 aliarum,
1692 3079 1874 3160 plura
1899 3077 2186 3160 proferre
2214 3070 2447 3156 possim
2474 3071 2852 3144 detrimenta
2887 3091 2994 3153 pu·

798 3172 986 3238 blicis
1012 3177 1201 3239 rebus
1242 3195 1426 3258 quam
1464 3176 1822 3258 adjumenta
1859 3199 1976 3260 per
2013 3175 2295 3240 homines
2325 3171 2855 3255 eloquentissimos
2880 3170 3003 3235 im·

798 3287 1088 3356 portata:
1134 3272 1274 3347 sed,
1321 3287 1394 3334 ut
1431 3272 1672 3356 reliqua
1717 3274 2224 3358 pretermittam,
2276 3270 2549 3337 omnium
2588 3268 2747 3334 mihi
2780 3271 3000 3335 videor

799 3372 1077 3456 exceptis
1091 3420 1112 3447 ,
1139 3373 1364 3437 Crasse
1378 3417 1396 3445 ,
1430 3372 1611 3436 vobis
1648 3376 1885 3438 duobus
1920 3372 2455 3457 eloquentissimos
2482 3370 2730 3435 audisse
2759 3371 2899 3433 Tib.
2920 3383 2997 3435 ,et

799 3472 874 3535 C.
897 3471 1321 3553 SempronioS,
1351 3490 1607 3550 quorum
1620 3488 1822 3552 pater,
1846 3472 2026 3533 homo
2053 3472 2318 3551 prudens
2345 3486 2404 3530 et
2431 3475 2652 3550 gravis,
2681 3467 2849 3529 haud
2859 3490 2999 3553 qua-t

801 3568 1296 3654 quam‚eloquen5
1315 3613 1331 3643 ,
1379 3580 1444 3630 et
1482 3586 1640 3650 soepe
1688 3566 1843 3632 alias
1878 3582 1945 3631 et
1980 3567 2248 3631 maxime
2276 3587 2502 3631 censor
2554 3565 2739 3629 saluti
2788 3563 2995 3648 reipu-

801 3667 986 3731 blicae
1017 3665 1156 3730 suit.
1201 3672 1404 3749 Atque
1434 3664 1490 3729 is
1517 3690 1643 3732 non
1670 3683 1965 3735 accurata
1990 3671 2248 3751 quadam
2278 3664 2583 3731 orationis
2622 3663 2833 3748 copia,
2878 3669 2999 3733 ¹sed

805 3769 967 3829 nude
995 3780 1178 3847 atque
1205 3769 1398 3830 verbo
1435 3766 1767 3833 libertinos
1805 3767 1873 3832 in
1911 3770 2187 3832 urbanas
2219 3767 2421 3829 tribus
2448 3766 2799 3841 transtulit3
2836 3768 3005 3849 quod

805 3862 932 3927 nisi
971 3864 1258 3937 fecisset,
1304 3864 1785 3948 rempublicam,
1834 3886 2019 3948 quam
2046 3884 2212 3927 nunc
2239 3865 2346 3926 vix
2383 3876 2695 3938 tenemus,
2733 3861 2865 3944 jam
2895 3863 3003 3929 diu

811 3962 1045 4027 nullam
1069 3962 1462 4025 haberemus.
1498 3959 1665 4049 [biv.
1692 3963 1882 4038 XLV,
1912 3956 2047 4047 15.]
2086 3994 2093 4001 ·

895 4063 1037 4126 Non
1073 4063 1428 4125 consentire
1453 4080 1662 4123 secum
1702 4057 1878 4122 aiunt
1918 4060 2291 4124 Ciceronem
2319 4058 2385 4122 in
2421 4058 2660 4141 judicio
2703 4061 2782 4122 de
2818 4056 3002 4139 hujus

809 4155 936 4220 viri
960 4156 1336 4243 eloquentia.
1361 4159 1490 4223 Sed
1523 4158 1818 4239 eloquens
1845 4157 1915 4219 in
1932 4158 2129 4219 Bruto
2155 4157 2283 4219 dici
2317 4170 2587 4239 poterat,
2617 4166 3008 4238 comparatus

813 4271 952 4315 cum
993 4257 1292 4338 Appioet
1317 4255 1643 4318 Menenio:
1675 4251 1732 4316 si
1760 4266 1967 4318 autem
1996 4266 2400 4337 componetur
2427 4275 2585 4327 „cum
2630 4251 2798 4329 filiis,
2842 4252 3003 4314 viris
