3367 5417
1460 473 1546 545 97

398 627 536 671 mm
574 607 921 670 laudaverit
949 606 1135 689 (Tac.
1161 612 1344 671 Ἀιιὴ.
1385 610 1491 683 w,
1538 610 1670 695 34),
1715 620 1780 671 et
1820 628 2033 673 eoram
2064 614 2340 693 Augusto
2370 608 2616 675 Caesare

403 705 612 789 palan
639 704 945 787 professus
980 706 1085 780 sit,
1130 724 1264 769 sese
1292 703 1510 788 optimi
1540 706 1833 788 cujusque
1859 718 2069 788 partes
2096 708 2394 770 studuisse
2420 712 2617 791 sequi,

397 825 542 869 oum
560 803 813 871 ῆιὶεεοι
795 826 866 869 ιιι
884 807 1107 873 castris
1124 807 1303 869 Bruti
1326 820 1391 881 et
1409 807 1627 870 Cassii.
1665 807 1776 872 Sic
1799 808 2159 887 indignatus
2182 810 2369 877 etiam
2392 811 2622 873 dicitnr

403 907 609 971 Plinio
629 911 710 972 Η.
733 910 814 971 N.
838 906 1098 985 XXXV,
1125 910 1189 984 2,
1219 911 1380 991 quod
1408 921 1825 972 assentatores
1849 929 1975 971 suae
2003 911 2180 991 genti
2208 911 2444 977 alienas
2492 914 2621 975 1„ae-

404 1006 691 1069 vinornm
735 1007 1038 1087 inlames
1075 1007 1358 1069 inserere
1395 1006 1654 1071 vellent.
1701 1007 1979 1069 Mortuus
2007 1020 2105 1070 est
2130 1028 2191 1071 a.
2216 1009 2363 1084 755,
2394 1029 2446 1070 s.
2474 1010 2621 1081 756.

401 1104 656 1169 Duobus
682 1107 866 1168 annis
894 1118 1044 1169 ante
1081 1107 1264 1186 gravi
1301 1107 1519 1169 morbo
1558 1121 1911 1188 correptus,
1950 1108 2251 1187 omnium,
2295 1112 2489 1184 etiam
2515 1112 2633 1171 sui.

401 1203 672 1267 nominis
697 1203 924 1269 oblitus
951 1217 1068 1267 est.
1115 1204 1315 1267 Testis
1348 1204 1587 1291 Plinius
1625 1205 1708 1263 Η.
1756 1205 1836 1266 N.
1864 1206 2005 1280 Vll,
2036 1205 2144 1268 24.
2197 1207 2295 1268 De
2323 1209 2622 1287 progenie

398 1302 537 1384 ejus
547 1314 615 1365 et
632 1303 1158 1369 MessalinoCotta
1179 1324 1295 1387 per
1317 1305 1715 1386 adoptionem
1737 1303 1807 1366 in
1829 1317 2180 1375 unternum
2201 1322 2399 1385 genus
2423 1321 2623 1371 trans·

401 1398 576 1479 lato,
612 1398 762 1461 vide
789 1399 995 1482 intpp.
1022 1396 1210 1466 ovid.
1245 1403 1340 1464 Ex
1369 1403 1554 1462 Pont.
1581 1402 1671 1473 11,
1698 1400 1762 1472 2,
1790 1404 1915 1475 87;
1946 1403 2067 1477 111,
2093 1403 2132 1463 2
2164 1399 2337 1480 init„
2365 1405 2615 1467 Ruhnk-

400 1497 778 1569 adVell.11,
806 1498 950 1572 112,
976 1501 1245 1564 Masson.
1269 1502 1398 1562 ιο.
1425 1520 1491 1581 p.
1519 1499 1667 1560 107.

491 1598 716 1659 71.1n
746 1599 1021 1659 oratorio
1045 1617 1278 1677 genere
1306 1598 1586 1678 quamvis
1614 1598 1990 1660 clarissimus
2015 1599 2227 1675 suerit,
2253 1613 2319 1662 et
2337 1602 2622 1665 videatur

402 1698 628 1761 multas
643 1718 860 1762 causas
885 1699 1155 1779 scriptas
1172 1694 1517 1779 reliquisse,
1554 1711 1763 1760 tamen
1782 1699 2293 1780 paucissimarum
2321 1704 2624 1765 memoria

402 1807 628 1858 exstat.
677 1792 792 1859 Sui
831 1794 1168 1865 exercendi
1220 1814 1406 1859 causa
1441 1793 1506 1856 id
1543 1793 1855 1869 instituit,
1906 1806 1976 1855 nt
2012 1795 2268 1860 Graecas
2307 1792 2624 1861 orationes

402 1895 599 1959 latine
619 1909 924 1975 verteret,
943 1908 1013 1956 ut
1040 1914 1181 1956 cum
1207 1893 1578 1957 difficillima
1605 1914 1849 1976 quoque
1870 1896 2205 1977 Hyperidis
2223 1915 2340 1978 pro
2359 1898 2623 1981 Phryne

398 1992 746 2058 subtilitate
764 1996 1202 2065 contenderet.
1233 1991 1343 2057 Sic
1363 1993 1792 2076 Quintilianus
1807 1994 1889 2069 X,
1920 1998 1981 2066 5,
2010 1996 2074 2056 2.
2091 2038 2130 2055 ..
2158 1990 2270 2084 [V.
2292 1996 2373 2057 fr.
2398 2016 2464 2078 p.
2491 1997 2618 2060 208

398 2088 568 2183 sqq.]
585 2139 599 2154 .
633 2093 762 2156 Alii
790 2093 941 2155 libri
966 2104 1114 2155 sunt
1136 2093 1237 2154 De
1263 2092 1514 2165 familiis
1537 2090 1864 2169 Romanis,
1895 2093 2102 2156 Plinio
2120 2094 2436 2167 laudatum
2467 2115 2619 2179 opus

400 2195 479 2255 Η.
506 2195 585 2256 N.
610 2192 866 2268 XXXV,
893 2194 966 2267 2;
998 2192 1288 2268 XXXIV,
1317 2193 1420 2268 13,
1453 2193 1629 2256 Suet.
1655 2196 1818 2273 Aug.
1848 2215 1904 2255 c.
1927 2196 1999 2255 74
2016 2206 2049 2255 .‘
2064 2195 2244 2257 Libri
2263 2197 2342 2257 de
2362 2196 2550 2259 litera
2568 2200 2617 2257 S

397 2294 700 2355 memoria
740 2312 868 2357 nou
905 2291 1268 2374 infrequens
1311 2303 1406 2365 est
1447 2287 1844 2373 Quintiliano
1874 2293 1924 2366 1,
1970 2290 2033 2365 5,
2081 2294 2156 2355 15
2204 2291 2290 2377 (si
2328 2313 2483 2357 vera
2524 2309 2618 2357 est

397 2387 753 2474 Spaldingii
781 2388 1206 2474 conjectura„
1262 2389 1326 2460 7,
1360 2388 1440 2451 23
1473 2401 1538 2450 et
1563 2387 1640 2451 35
1668 2410 1684 2448 ε
1728 2391 1898 2452 unde
1926 2388 2112 2451 simili
2138 2404 2511 2471 argumento
2540 2390 2613 2453 li·

397 2489 548 2552 bros
569 2489 759 2550 etiam
787 2487 942 2550 alios
967 2486 1048 2549 ab
1077 2508 1152 2550 eo
1183 2487 1549 2569 compositos
1578 2487 1892 2549 discimus.
1926 2487 2131 2549 Etiam
2153 2506 2289 2569 qum
2306 2490 2423 2565 IX,
2443 2489 2508 2564 4,
2533 2490 2614 2551 38

398 2588 771 2662 afferuntur,
812 2586 1156 2650 defendisse
1199 2606 1340 2648 eum
1359 2632 1375 2662 ,
1423 2585 1672 2648 literam
1716 2608 1747 2647 s
1789 2584 1858 2647 in
1902 2580 2133 2648 finibus
2171 2588 2614 2653 vocabulorum

396 2703 699 2771 sequente
729 2706 1002 2752 consona
1034 2684 1209 2764 elidi,
1240 2687 1517 2750 indidem
1556 2689 1879 2768 desumpta
1914 2696 2088 2763 sunt3
2138 2698 2208 2748 ut
2249 2689 2417 2750 Festi
2442 2688 2615 2751 locns

401 2805 466 2847 v.
485 2787 757 2862 Serpsit.
790 2783 1048 2844 Librum
1072 2782 1344 2864 ejusdem
1372 2783 1470 2845 De
1490 2782 1769 2847 involute
1800 2781 1988 2843 dictis
2012 2782 2178 2863 apud
2205 2784 2487 2847 eumdem
2504 2786 2617 2847 Fe-

387 2898 562 2949 utum
589 2880 846 2955 allam
866 2883 1144 2945 videmus
1169 2901 1236 2945 v.
1259 2882 1540 2943 Sanates.
1593 2881 2057 2963 Explicationes
2088 2881 2215 2945 XlI
2259 2883 2615 2949 tabularum

399 3004 476 3049 ex
503 2983 674 3047 Festi
695 2983 838 3046 loco
865 2982 1082 3045 mutilo
1110 2984 1171 3044 ei
1198 2983 1545 3063 adscriptae,
1582 2981 1707 3044 alio
1746 2982 2118 3047 documento
2163 3003 2291 3047 non
2336 3004 2616 3068 compro-

393 3087 655 3171 bantur.
676 3085 1001 3148 Messalam
1019 3084 1086 3147 in
1109 3084 1386 3166 Epistola
1405 3084 1616 3145 laudat
1628 3083 1886 3147 Sueton.
1920 3084 2018 3146 De
2042 3084 2136 3146 ill.
2163 3080 2425 3165 gramm.
2457 3109 2512 3149 c.
2544 3090 2607 3149 3.

394 3162 647 3251 Incerta
686 3187 1037 3267 fragmnta
1077 3197 1223 3249 sunt
1261 3184 1526 3268 Quintil.
1589 3186 1654 3261 1,
1700 3187 1767 3259 6,
1816 3184 1935 3262 423
1984 3185 2207 3249 Seme.
2263 3200 2418 3253 ’κΑπο
2420 3209 2534 3253 «mx
2503 3221 2617 3254 κυντ

397 3307 463 3369 p.
487 3284 612 3350 386
639 3288 739 3353 ed.
762 3286 939 3370 Rip„
921 3283 1217 3350 ·Charis.
1245 3286 1297 3362 Ι,
1325 3306 1388 3368 p.
1421 3285 1563 3351 119.
1599 3285 1856 3348 Poetam
1879 3285 2181 3367 lascivum
2203 3286 2360 3350 dicit
2381 3288 2619 3351 Plinius

400 3386 561 3467 Epp.
595 3387 676 3458 V,
713 3386 774 3455 3.
812 3385 916 3451 20.
968 3385 1266 3449 Carmina
1287 3404 1530 3466 quoque
1555 3381 1883 3466 pastoritia
1912 3385 2201 3470 scripsit.
2231 3406 2293 3447 v.
2328 3386 2504 3469 Eleg.
2541 3388 2620 3448 ad

401 3480 728 3547 Messalam
742 3502 804 3543 v.
831 3484 899 3543 17
917 3527 931 3541 .
965 3482 1064 3544 Ad
1089 3495 1333 3564 patrem
1350 3481 1674 3547 Messalam
1702 3495 1769 3544 et
1793 3480 2028 3546 librum
2052 3483 2187 3565 ejus
2206 3484 2304 3546 De
2326 3482 2622 3566 auspiciis

397 3578 759 3643 reseruntur
795 3578 936 3641 loca
966 3579 1159 3643 Gellii
1192 3581 1372 3652 xm,
1402 3582 1514 3653 153
1561 3580 1842 3642 Macroh.
1870 3582 1922 3661 1,
1955 3585 2016 3652 9,
2050 3601 2117 3663 p.
2142 3580 2266 3643 238
2298 3583 2402 3642 ed.
2438 3579 2614 3665 Bip„

398 3677 447 3739 F
445 3689 564 3740 est.
585 3696 690 3740 vv.
739 3674 1005 3755 Spomis
1025 3690 1091 3739 et
1131 3677 1204 3736 V
1197 3682 1494 3736 emisero.
1528 3677 1693 3739 Sunt
1712 3678 1905 3740 etiam
1924 3679 2046 3743 alia
2066 3679 2229 3741 Festi
2251 3679 2389 3743 loca
2413 3682 2620 3747 minus

398 3784 599 3849 certa,
624 3788 693 3837 ut
711 3794 818 3837 vv.
855 3774 1062 3838 Sola'da
1087 3774 1264 3843 sella,
1286 3785 1352 3836 et
1366 3770 1539 3851 Sund
1562 3774 1686 3833 ted.
1732 3832 1741 3843 ,

487 3873 936 3949 Consentiunt,
983 3876 1089 3957 qui
1133 3875 1246 3937 has
1286 3891 1388 3936 res
1427 3870 1810 3952 attigerunt,
1855 3875 2244 3957 eloquentem
2285 3879 2611 3943 Messalam

393 3971 610 4049 fuisse,
653 3977 764 4037 sed
801 3971 893 4037 ita
933 3988 1002 4037 nt
1039 3971 1380 4052 intelligas,
1416 3970 1563 4053 qnid
1602 3972 1664 4035 ei
1709 3971 2001 4051 defuerit.
2041 3973 2280 4039 Seneca
2305 3975 2610 4043 controv.

398 4073 488 4144 11,
521 4070 624 4143 12,
653 4089 717 4151 p.
744 4071 891 4144 171,
923 4069 1385 4154 elegantissime
1421 4071 1651 4135 Latine
1692 4071 1970 4135 locutum
2012 4069 2102 4134 ait
2143 4086 2208 4135 et
2248 4072 2504 4153 ingenio
2544 4077 2615 4140 in

395 4188 617 4235 munes
653 4167 996 4231 studiorum
1035 4180 1248 4251 partes
1286 4167 1707 4247 exactissim03
1741 4189 1883 4231 cum
1922 4189 2042 4252 qno
2082 4171 2373 4252 congruit
2399 4186 2618 4238 auctor

401 4265 574 4331 Dial.
610 4266 689 4329 de
730 4276 920 4331 oratt.
961 4284 1018 4329 c.
1061 4266 1140 4327 18
1165 4306 1183 4338 ,
1215 4263 1527 4327 mitiorem
1570 4276 1634 4326 et
1672 4265 1996 4329 lectiorem
2029 4261 2096 4329 in
2126 4267 2337 4333 verbis
2375 4269 2611 4347 dicens,

2214 4385 2278 4433 13
