3367 5417
1336 447 1427 519 25

290 577 614 658 sexaginta
658 579 727 642 in
750 581 1021 663 quinque
1044 579 1228 644 tomis
1250 603 1266 642 t
1290 583 1395 646 sed
1416 601 1558 644 cum
1576 579 1744 660 leges
1767 584 2116 660 sea-aginta,
2150 578 2310 643 inibi
2350 598 2503 646 aaut

284 691 354 742 et
375 676 667 740 Noviauae
688 678 1092 752 Atellaniolae,
1118 692 1183 740 et
1205 678 1354 756 Scip
1356 684 1518 740 ionis
1534 677 1941 758 aratiunoelae,
1974 696 2056 740 ue
2074 689 2143 739 tu
2161 695 2488 743 numerum

288 778 479 842 nimis
498 795 890 858 expavescas.
914 774 974 870 n]

380 877 481 938 19
531 873 835 938 Africano
851 888 915 938 et
934 876 1119 938 helio
1137 887 1319 938 oetate
1345 875 1477 938 fere
1505 873 1881 956 conjunctus
1907 871 2148 938 exstitit
2173 874 2315 938 Ser.
2349 877 2484 940 Sul-

279 993 350 1049 pa
328 977 485 1032 ictus
518 972 657 1036 Ser.
706 972 782 1032 F
834 972 1060 1045 Galba,
1119 968 1545 1035 vetustissimae
1574 968 1918 1034 nobilitatis
1943 984 2132 1050 gente
2175 986 2382 1049 natue,
2413 987 2485 1036 ut

286 1092 425 1154 quae
454 1073 584 1158 jam
610 1071 854 1140 *decimo
882 1086 1020 1155 post
1057 1092 1236 1153 reges
1275 1086 1524 1135 exactos
1556 1090 1724 1134 anno
1770 1074 2085 1136 consulem
2125 1073 2488 1156 reipublicae

289 1172 537 1234 dederit
558 1176 692 1236 Ser.
726 1169 1070 1254 Sulpicium
1096 1169 1516 1236 Camerinum.
1552 1171 1734 1233 Hunc
1765 1172 2036 1236 Galbam
2061 1220 2077 1248 ‚
2113 1174 2299 1236 Laelio
2339 1195 2489 1257 pau·

291 1271 389 1333 cis
426 1272 607 1334 annis
642 1273 964 1354 majorem,
997 1273 1265 1334 honores
1292 1270 1677 1352 auspicatum
1697 1284 1910 1332 censet
1938 1268 2190 1350 Pighius
2216 1281 2280 1334 a.
2323 1275 2486 1349 5953

290 1369 529 1432 aedilem
554 1367 760 1454 posuit
783 1391 823 1433 a
876 1372 1024 1444 598,
1051 1390 1177 1434 nou
1199 1371 1323 1434 alia
1345 1389 1553 1444 causa,
1586 1369 1708 1432 nisi
1737 1382 1806 1429 ut
1832 1387 1942 1431 suo
1969 1391 2136 1433 anno
2163 1369 2487 1436 videretur

292 1468 678 1530 consulatum
700 1468 992 1547 adeptum
1025 1469 1134 1530 sed
1150 1486 1226 1528 ea
1252 1464 1351 1528 his
1378 1465 1759 1546 temporibus
1777 1463 2123 1546 probabilis
2151 1467 2353 1531 videri
2379 1489 2486 1553 po·

290 1579 436 1630 test.
468 1571 710 1632 Praetor
735 1586 797 1627 a.
824 1566 946 1628 602
972 1563 1111 1640 fuit,
1142 1586 1262 1647 quo
1289 1563 1584 1628 tribunus
1610 1562 1814 1646 plebis
1830 1566 2068 1627 Laeliue.
2090 1567 2248 1629 Cum
2274 1570 2496 1634 deinde

294 1681 647 1749 propraetor
673 1664 1007 1730 Lusitaniae
1036 1687 1074 1728 a
1099 1667 1395 1728 barbaria
1412 1667 1682 1746 turpiter
1707 1665 1899 1740 smua,
1927 1669 2037 1728 sed
2075 1680 2281 1730 tamen
2313 1689 2505 1749 gene-

294 1781 440 1824 rooe
486 1773 859 1843 provocatus
905 1773 1070 1824 esset
1109 1762 1190 1823 ad
1234 1780 1472 1843 pacem,
1524 1780 1638 1842 per
1679 1757 2140 1824 simulationem
2167 1763 2312 1825 fidei
2339 1769 2497 1829 datoe

298 1874 609 1925 armatum
628 1862 971 1926 exercitum
996 1859 1380 1925 multitudini
1397 1859 1623 1923 inermi
1647 1859 2081 1938 circumdedit,
2109 1882 2330 1927 novem
2353 1865 2495 1929 mil·

292 1961 380 2023 lia
408 1957 557 2037 (alii
598 1955 858 2038 triginta
884 1959 1081 2021 millia
1107 1958 1351 2040 dicunt)
1380 1954 1741 2029 trucidavit,
1791 1959 2060 2039 reliquos
2089 1973 2308 2042 captos
2348 1981 2500 2025 ven.

295 2055 478 2122 didit.
510 2055 659 2120 Loci
691 2071 1014 2121 auctorum
1035 2059 1184 2120 satis
1214 2054 1370 2119 noti.
1417 2057 1560 2139 Qua
1599 2054 1878 2119 soeditate
1921 2069 2126 2119 motus
2146 2059 2220 2121 L.
2256 2060 2508 2124 Scribo.

290 2157 434 2222 nius
457 2154 614 2220 Libo
644 2154 794 2220 trib.
849 2158 936 2239 pl.
979 2153 1368 2235 rogationem
1401 2152 1824 2236 promulgavit
1841 2202 1859 2231 ,
1909 2158 2002 2218 uti
2035 2157 2103 2218 iu
2141 2157 2498 2226 libertatem

294 2255 804 2327 restituerentur,
834 2253 940 2336 qui
969 2252 1037 2318 iu
1065 2253 1339 2319 Galliam
1360 2253 1704 2316 venundati
1726 2266 1975 2332 etsent3
2006 2274 2194 2335 quam
2213 2256 2282 2318 in
2311 2277 2505 2322 accu-

291 2352 601 2420 sationem
631 2356 727 2420 rei
754 2352 1039 2437 capitalia
1069 2354 1261 2418 vertit
1306 2354 1394 2413 M.
1424 2351 1602 2418 Cato.
1648 2351 1993 2435 Respondit
2021 2374 2139 2436 pro
2185 2356 2392 2420 Galba
2427 2358 2498 2422 iu

290 2469 517 2522 senatu
538 2457 624 2539 Q.
656 2456 913 2518 Fulvius
944 2451 1268 2533 Nobilior3
1300 2455 1603 2536 quomodo
1638 2454 1707 2515 in
1736 2452 1972 2536 judicio
1998 2455 2316 2519 ambustus
2353 2477 2498 2522 eva-

292 2553 472 2628 serit.
504 2576 583 2620 ex
610 2555 747 2619 Liv.
781 2554 952 2639 Epit.
985 2555 1203 2630 XLIX,
1262 2566 1328 2615 et
1374 2554 1545 2618 Suet.
1591 2554 1784 2619 Gau».
1819 2574 1879 2617 c.
1930 2555 1968 2617 3
2003 2553 2143 2644 (ubi
2187 2557 2355 2620 eous.
2399 2557 2496 2622 iu-

299 2652 549 2735 ter-pp.)
595 2649 813 2734 liquet.
846 2653 1073 2714 Cicero
1116 2643 1327 2715 tamen
1368 2653 1486 2734 Ep.
1530 2653 1611 2713 ad
1635 2655 1770 2715 Att.
1803 2652 1930 2714 ΧΠ
1953 2699 1969 2726 ,
2002 2655 2039 2715 5
2063 2698 2086 2725 ,
2115 2651 2344 2716 dubius
2367 2670 2498 2729 est,

295 2774 451 2818 num
470 2753 725 2816 Libonis
751 2754 991 2833 rogatio
1013 2772 1070 2813 a.
1100 2751 1244 2825 604,
1272 2753 1343 2814 L.
1372 2750 1636 2827 Marcio,
1667 2752 1774 2813 Μ’.
1807 2752 2060 2814 Manilio
2080 2753 2281 2830 Coae„
2315 2777 2397 2819 an
2420 2759 2496 2818 T.

297 2848 603 2937 Quinctio
630 2864 696 2914 et
708 2854 797 2914 M.
820 2851 1024 2916 Acilio
1051 2851 1218 2916 Com.
1257 2851 1343 2935 (a.
1379 2852 1530 2939 603)
1559 2851 1800 2935 perlata
1824 2848 1942 2914 sita
1978 2864 2047 2913 ut
2074 2851 2264 2918 etiam
2282 2856 2502 2921 Galboe

299 2970 505 3015 annua
530 2951 857 3033 praetorius
890 2972 1016 3014 nou
1055 2953 1205 3014 satia
1232 2965 1442 3016 certus
1480 2951 1585 3013 ait.
1634 2948 2086 3031 Frequentihm
2127 2967 2336 3018 tamen
2380 2956 2501 3017 aus·

298 3047 517 3129 fragiis
561 3046 795 3131 aliquot
847 3050 1031 3112 annis
1086 3061 1228 3132 post
1277 3050 1664 3113 consulatum
1711 3050 1971 3131 adeptus
2007 3065 2106 3114 eet
2155 3050 2253 3135 (a.
2309 3054 2494 3140 609).

298 3147 566 3232 Quando
603 3147 938 3210 decesserit
979 3158 1154 3209 certo
1192 3146 1503 3228 praelinire
1538 3166 1664 3209 non
1711 3166 2061 3229 posaumus3
2117 3168 2244 3211 non
2291 3161 2502 3214 tamen

301 3242 466 3308 vidit
491 3245 577 3305 Μ.
612 3241 973 3327 Aquinium,
1007 3243 1079 3303 C.
1104 3243 1478 3314 Tuditanum
1508 3241 1709 3318 Coss„
1743 3243 1967 3324 quibus
1994 3241 2353 3308 aCicerene
2374 3247 2502 3308 col-

303 3344 581 3425 loquium
610 3347 688 3408 de
729 3345 1073 3428 Republica
1106 3344 1384 3410 habitum
1415 3341 1675 3425 fingitur
1711 3343 1803 3428 (v.
1855 3346 1978 3418 111,
2016 3343 2150 3428 30).
2181 3346 2242 3408 Is
2275 3357 2369 3408 est
2397 3365 2505 3408 an·

306 3465 427 3509 nus
452 3446 601 3507 624.

394 3546 605 3618 Hunc,
634 3556 705 3605 ut
724 3545 898 3620 alios,
937 3566 1091 3626 quos
1118 3544 1276 3610 alibi
1301 3548 1798 3622 memoravimuS,
1828 3567 1866 3610 a
1888 3545 2095 3610 literis
2120 3566 2376 3628 prorsus
2399 3565 2504 3614 ru·

307 3650 447 3712 dem
493 3646 719 3711 Cicero
763 3644 1062 3727 prodidit.
1118 3643 1338 3734 [Immo
1383 3644 1546 3726 juris
1588 3658 1834 3708 tantum
1882 3645 2385 3726 civilisignaros,
2438 3661 2509 3712 ut

314 3759 582 3831 apparet
623 3765 703 3810 ex
753 3742 802 3809 l.
843 3747 941 3808 De
975 3757 1137 3807 orat.
1176 3747 1228 3820 1,
1283 3746 1385 3819 10,
1422 3745 1527 3806 40.
1578 3747 1737 3808 Add.
1773 3743 1864 3808 ib.
1909 3747 2011 3823 56,
2057 3747 2178 3810 239
2219 3770 2313 3831 sq.
2355 3752 2513 3813 We-

314 3861 528 3908 soerm.
563 3868 630 3930 p.
674 3843 810 3937 76.]
855 3842 1128 3909 Dissedit
1150 3845 1342 3926 igitur
1370 3866 1407 3907 a
1444 3847 1527 3907 M.
1565 3846 1803 3910 Catone
1835 3867 1982 3914 sene
2011 3860 2088 3910 ·et
2121 3852 2193 3913 P.
2217 3850 2513 3934 Scipione

314 3945 586 4027 Gaioque
614 3948 821 4022 helio,
866 3966 1127 4027 quorum
1149 3946 1507 4027 magnitudo
1532 3943 1738 4009 literis
1760 3947 2102 4011 exhilarata
2129 3962 2246 4012 est.
2277 3953 2509 4013 Tamen

314 4046 423 4110 vel
450 4047 688 4110 Graecis
709 4042 1018 4125 magistris
1048 4045 1432 4133 aliquantum
1477 4043 1664 4107 studii
1713 4048 2001 4124 dederat,
2046 4052 2208 4131 quod
2235 4069 2362 4113 non
2400 4048 2512 4113 im-

316 4143 645 4227 probabile
660 4141 970 4216 videatur,
996 4142 1284 4226 quoniam
1327 4166 1405 4208 ex
1434 4143 1758 4209 Lactantio
1782 4148 1937 4207 Inst.
1970 4147 2046 4223 V,
2075 4148 2179 4222 14,
2213 4169 2338 4214 uua
2367 4169 2510 4212 cum
