3367 5417
1894 484 2024 553 112

862 625 1147 701 provexit
1162 647 1184 679 .-
1217 621 1358 681 hnic
1383 620 1675 681 versatile
1716 622 2029 699 ingenium
2058 623 2147 678 sic
2168 623 2408 697 pariter
2444 620 2529 677 ad
2548 624 2757 679 omnia
2772 624 2906 700 fuit
2929 670 2946 697 ,
2995 640 3061 685 ut

862 737 1071 781 nattam
1108 722 1192 780 ad
1228 723 1297 780 id
1328 742 1511 781 unum
1540 723 1778 780 diceres
1797 763 1818 789 ,
1861 720 2245 803 quodcunque
2275 735 2506 799 ageret.
2557 720 2639 779 In
2684 720 2839 781 bello
2867 740 3092 782 manu*

842 820 1230 898 fhnissimus
1270 818 1585 903 multisque
1628 816 1959 895 insignibus
1984 816 2189 876 clarus
2216 820 2458 895 pugnis.
2489 816 2694 886 Idem,
2730 832 3057 903 postquam

859 916 946 973 ad
967 935 1225 994 magnos
1258 913 1515 974 honores
1537 916 1830 992 pervenit,
1869 932 2140 972 summus
2168 916 2505 990 imperator
2530 937 2553 970 .-
2585 914 2753 972 idem
2786 918 2850 972 in
2870 935 3052 992 pace,

857 1018 915 1073 si
941 1008 1051 1094 jus
1092 1013 1456 1083 consuleres,
1500 1015 1909 1091 peritissimus
1939 1036 1961 1070 .-
1991 1015 2050 1072 si
2081 1031 2268 1072 causa
2294 1012 2525 1071 oranda
2551 1028 2735 1086 esset,
2775 1013 3052 1097 eloquen-

856 1118 1147 1175 tissimus.
1173 1114 1297 1174 Nec
1316 1120 1371 1174 is
1397 1128 1651 1189 tantum,
1677 1106 1853 1192 cujus
1876 1111 2085 1192 lingua
2110 1116 2257 1172 vivo
2281 1131 2357 1171 eo
2382 1115 2668 1191 viguerit,
2690 1134 3048 1175 monumen-

854 1227 983 1270 tum
1003 1211 1357 1296 eloquentiae
1384 1210 1610 1269 nullum
1637 1223 1841 1270 exstet
1853 1232 1884 1283 ;
1908 1212 2057 1271 vivit
2073 1213 2200 1269 imo
2216 1212 2501 1293 vigetque
2526 1209 2869 1293 eloquentia
2886 1208 3045 1293 ejus,

761 1319 810 1387 9
855 1327 1100 1371 sacrata
1161 1316 1413 1391 scriptis
1461 1315 1659 1372 omnis
1714 1313 1981 1389 generis.
2040 1310 2362 1370 Orationes
2405 1324 2466 1368 et
2511 1329 2633 1387 pro
2675 1330 2744 1369 se
2797 1312 3004 1372 mulcoe
3019 1358 3042 1387 ,

852 1424 912 1467 et
941 1430 1056 1488 pro
1106 1410 1255 1468 aliis
1301 1424 1362 1468 et
1398 1412 1459 1466 in
1500 1407 1678 1467 alios.
1722 1403 1883 1467 Nam
1919 1425 2038 1465 non
2082 1405 2279 1467 solum
2313 1406 2689 1477 accusando,
2722 1408 2834 1467 sed
2854 1413 3048 1469 etiam

850 1529 1102 1568 causam
1156 1509 1410 1568 dicendo
1459 1507 1748 1588 fittigavit
1804 1510 2108 1567 inimicos.
2169 1505 2522 1566 Simultates
2585 1510 2779 1567 nimio
2838 1508 3047 1586 plures

848 1621 1250 1666 exercuerunt
1306 1626 1446 1665 eum
1505 1619 1565 1664 et
1627 1609 1763 1683 ipse
1820 1608 2091 1664 exercuit
2154 1623 2264 1663 eas
2278 1627 2311 1680 ,·
2363 1622 2478 1662 nec
2510 1604 2717 1684 facile
2772 1605 3040 1680 dixeris,

848 1721 1047 1765 utrum
1057 1712 1262 1787 magis
1277 1708 1570 1786 presserit
1580 1723 1724 1764 eum
1744 1702 2048 1773 nobilitas,
2064 1724 2146 1762 an
2163 1703 2278 1763 ille
2295 1706 2620 1782 agitaverit
2636 1703 3041 1768 nobilitatem.

846 1805 1077 1885 Asperi
1089 1805 1310 1885 procul
1328 1803 1510 1864 dubio
1541 1806 1744 1862 animi
1773 1816 1835 1860 et
1854 1802 2076 1882 ling-uoe
2104 1801 2352 1863 acerboe
2380 1817 2438 1860 et
2462 1805 2797 1863 immodice
2824 1803 3040 1865 liberae

820 1904 984 1987 fuit,
1010 1905 1124 1964 sed
1148 1907 1359 1963 invicti
1384 1925 1423 1960 a
1444 1890 1878 1979 cupidilatibus
1897 1905 2094 1960 animi
2117 1915 2181 1959 et
2206 1901 2436 1980 rigidae
2466 1905 2877 1976 innocentioe;
2898 1923 3038 1963 oon·

839 2015 1104 2079 temptor
1133 2004 1377 2080 gratioe,
1405 1999 1770 2061 divitiarum.
1800 1997 1880 2059 In
1913 2002 2325 2075 parcimonia,
2353 2003 2417 2057 in
2448 2003 2751 2078 patientia
2777 1998 3039 2070 laboris,
3070 2036 3091 2049 —

834 2096 1120 2173 periculi,
1131 2097 1340 2176 firmi
1346 2113 1540 2173 prope
1562 2099 1830 2171 corporis
1839 2097 2168 2179 animique,
2186 2114 2367 2177 quem
2380 2114 2459 2154 ne
2478 2110 2750 2156 senectus
2765 2097 3038 2180 quidem,

837 2214 975 2276 qua.-
1019 2193 1189 2254 solvit
1226 2196 1458 2263 omnia,
1482 2191 1760 2270 fregerit
1775 2216 1806 2266 ,·
1845 2195 1949 2274 qui
1971 2206 2214 2250 sextum
2257 2207 2317 2251 et
2339 2197 2777 2272 octogesimum
2812 2216 3036 2257 annum

835 2313 1027 2372 agens
1054 2313 1305 2352 causam
1336 2292 1583 2363 ‹liz-erit,
1641 2295 1776 2369 ipse
1795 2311 1914 2368 pro
1947 2312 2016 2351 se
2053 2296 2313 2354 oraverit
2338 2296 2794 2378 scripseritque,
2847 2316 3035 2357 nona..

831 2396 1073 2474 gesimo
1099 2410 1259 2450 anno
1287 2389 1564 2450 Servium
1595 2387 1866 2449 Galbam
1892 2390 1980 2448 ad
2005 2389 2219 2469 populi
2243 2391 2578 2450 adduxerit
2601 2390 2921 2476 judicium.
2949 2428 3035 2443 --

833 2489 990 2551 Cum
1018 2497 1175 2548 esset
1194 2486 1376 2548 homo
1404 2504 1601 2547 novus
1622 2497 1687 2547 et
1706 2505 1957 2549 severus
1978 2482 2255 2549 moribus
2277 2499 2461 2568 atque
2486 2487 2571 2549 ab
2601 2490 2771 2551 omni
2790 2490 3031 2556 luxuria

833 2587 1090 2661 alienus,
1140 2582 1474 2659 nobilitati,
1522 2603 1653 2666 qnae
1681 2596 1811 2647 tum
1850 2586 2130 2668 potentia
2167 2598 2230 2647 et
2263 2586 2496 2649 divitiis
2540 2586 2922 2668 abundabat,
2963 2613 3030 2657 se

832 2685 1113 2771 opposuit
1136 2707 1210 2748 ac
1230 2686 1518 2769 princeps
1540 2706 1754 2748 eorum
1780 2686 1916 2763 suit,
1966 2684 2071 2768 qui
2098 2686 2403 2769 superbiae
2448 2685 2836 2771 optimatium
2878 2692 3029 2756 resi-

831 2798 1022 2857 stere,
1046 2794 1321 2865 sumptus
1343 2782 1435 2844 rei
1458 2781 1721 2865 publicae
1744 2784 2048 2859 minuere,
2077 2783 2286 2845 luxum
2313 2786 2515 2847 omnis
2529 2786 2780 2865 generis
2806 2788 2876 2851 in
2893 2791 3025 2853 vita

830 2885 1080 2967 publica
1112 2897 1294 2965 atque
1336 2884 1580 2966 privata
1608 2885 1978 2968 exstirpare,
2020 2885 2403 2968 direptiones
2441 2886 2756 2950 sociorum
2784 2886 2854 2952 in
2878 2910 3024 2975 pro·

829 2980 1072 3056 vinciis,
1106 3000 1254 3062 quas
1279 2991 1573 3062 praetores
1601 2982 1987 3043 committere
2024 2980 2325 3055 solebant,
2363 2982 2727 3064 prohibere,
2758 2982 3021 3068 impera.

825 3096 1029 3147 torum
1060 3083 1376 3164 peculatus
1395 3080 1618 3163 punire
1641 3094 1825 3164 atque
1853 3081 2087 3145 nobiles
2124 3103 2162 3144 a
2186 3083 2440 3144 summis
2468 3080 2834 3161 honoribus,
2874 3108 3021 3169 quos

818 3184 911 3246 illi
945 3198 1252 3267 tamquam
1283 3183 1426 3266 jure
1463 3202 1573 3244 suo
1607 3174 2031 3258 vindicarunt,
2074 3183 2377 3266 repellere
2416 3186 2626 3246 conati
2666 3198 2831 3247 sunt.
2883 3190 3020 3255 Huc

818 3280 1099 3362 pertinet
1124 3277 1365 3359 rogatio
1394 3278 1545 3362 ejuS‚
1579 3278 1684 3341 Ne
1706 3280 1869 3338 idem
1900 3283 2117 3339 iterum
2144 3280 2359 3340 consul
2350 3280 2497 3362 fiat,
2526 3290 2611 3342 ‘et
2644 3282 2851 3344 multae
2883 3287 3020 3349 aliae

816 3379 1010 3461 leges.
1044 3379 1177 3437 Hac
1201 3375 1531 3437 severitate
1574 3394 1814 3437 morum
1839 3373 2207 3438 inimicitias
2239 3377 2427 3456 gessit
2453 3396 2595 3438 cum
2622 3379 3014 3461 Flamininis,

816 3470 1233 3556 Scipionibus,
1267 3469 1600 3547 Marcellis,
1647 3467 2045 3534 nobilissimis
2070 3472 2489 3535 Romanorum
2529 3475 2821 3552 gentibus
2844 3522 2864 3553 ,
2911 3484 3014 3563 qui

819 3592 954 3633 cum
976 3570 1211 3633 virtute
1240 3587 1315 3630 ac
1345 3564 1587 3629 meritis
1615 3581 1745 3629 tum
1775 3568 2007 3632 divitiis
2038 3569 2353 3653 principes
2385 3570 2775 3652 optimatium
2800 3591 3007 3639 erant.

816 3672 1182 3735 Innocentis
1208 3669 1342 3753 ejus
1377 3680 1443 3730 et
1466 3668 1673 3733 odium
1701 3671 1999 3733 adversus
2025 3690 2151 3744 eos,
2181 3672 2287 3751 qui
2315 3667 2384 3733 in
2425 3671 2749 3753 provincia
2786 3678 3011 3740 crude-

814 3770 959 3832 liter
1008 3784 1112 3832 aut
1150 3770 1479 3831 libidinose
1521 3790 1587 3832 se
1634 3769 1974 3849 gerebant,
2019 3784 2084 3833 et
2123 3771 2365 3834 luxuria
2421 3784 2603 3853 atque
2641 3771 3011 3840 libidinibus

815 3889 1021 3933 mores
1039 3871 1455 3932 Romanorum
1481 3870 1846 3950 perdebant,
1881 3890 2066 3932 causa
2094 3869 2229 3947 ruit,
2263 3891 2375 3932 cur
2395 3883 2522 3934 tam
2547 3870 2757 3934 multis
2778 3894 3007 3939 consu-

812 3972 1072 4045 laribus,
1103 3971 1494 4053 praetoribus,
1521 3969 2001 4053 imperatoribus
2040 3970 2204 4032 diem
2238 3970 2494 4035 diceret.
2532 3974 2739 4054 Atque
2768 3977 3006 4040 Plinius

815 4075 967 4137 dicit
994 4071 1185 4157 (Hist.
1217 4074 1363 4135 Nat.
1392 4073 1532 4143 Vll,
1560 4070 1671 4155 27)
1699 4095 1716 4132 ε
1744 4070 2078 4150 Proprium
2102 4086 2194 4131 est
2227 4071 2493 4148 Catonis,
2537 4091 2754 4158 quater
2774 4094 2836 4137 et
2860 4101 3005 4162 qua-

813 4172 1053 4250 dragies
1070 4189 1318 4230 causam
1338 4170 1601 4241 dixisse,
1627 4188 1741 4228 nec
1758 4188 2119 4253 quemquam
2136 4174 2365 4249 soepius
2383 4170 2748 4249 postulatum
2765 4189 2825 4233 et
2842 4194 3002 4234 sem..

809 4291 927 4348 per
957 4268 1314 4331 absolutum.
1358 4267 1720 4332 octodecim
1752 4268 2069 4330 orationes
2095 4315 2112 4345 ,
2154 4288 2229 4332 ac
2270 4269 2478 4350 plures
2519 4268 2796 4348 sortasse,
2837 4272 3001 4337 inei-
