3367 5417
1808 451 1941 523 384
2044 478 2048 482 ⁴

835 584 1114 655 repudiata
1155 589 1404 652 censura]
1445 584 1794 654 Symmachus
1828 585 2199 638 consentiente
2242 594 2431 635 senatu
2458 597 2731 633 censuram
2758 580 2973 634 dissua-

901 670 991 721 det
1017 670 1271 722 restitui.
1256 690 1269 702 ·
1299 683 1428 721 tunc
1462 670 1603 721 enim
1640 686 1764 720 cum
1789 670 2173 740 magistratum,
2202 669 2298 737 qui
2312 663 2423 736 jam
2446 666 2973 717 dudumessedcsic-

863 777 868 782 ·
909 766 1012 813 rat,
1034 766 1292 825 integiarc
1317 737 1669 806 conabamur.
1698 753 1857 804 Conf.
1874 753 2131 804 Crcuzer.
2168 750 2351 819 Antiq.
2383 750 2540 801 Rom.
2561 750 2741 817 5110,
2770 768 2825 819 p.
2850 751 2943 800 147

757 887 792 920 ι
907 840 1049 907 Ang.
1079 835 1257 887 Maius
1282 834 1349 887 de
1374 835 1911 906 abrogandacensura
1924 834 2123 890 dixisse
2141 833 2514 905 Symmachum
2535 830 2673 883 falso
2686 831 2976 930 existimat.

911 920 1110 987 [Paulo
1139 935 1260 993 post
1275 920 1393 975 cod.
1417 928 1722 992 tempestate
1741 927 1973 974 resecata
1995 928 2096 984 est,
2126 938 2224 992 pro
2249 922 2457 993 rejecta.
2462 922 2482 985 ]

847 1064 1092 1149 Symm..
1116 1063 1421 1127 Minervio
1448 1064 1581 1145 (tv,
1620 1064 1762 1148 45).
1788 1063 2046 1125 Fiducia
2066 1064 2220 1125 mihi
2242 1062 2372 1125 stili
2391 1074 2576 1143 atque
2591 1059 2834 1139 ingenii
2859 1063 2986 1123 mei

768 1162 937 1224 nulla
963 1176 1103 1223 est:
1142 1162 1250 1222 sed
1274 1174 1385 1234 'tua
1415 1160 1772 1240 benignitas
1812 1179 1994 1222 ausus
2027 1179 2197 1223 meos
2237 1171 2558 1240 provocat.
2607 1154 2749 1219 Misi
2786 1154 2985 1237 igitur

767 1261 847 1323 ad
875 1262 1288 1346 eruditionem
1319 1273 1487 1326 tuam
1527 1263 1677 1323 duas
1701 1260 2125 1324 oratiunculas
2148 1272 2416 1330 nostum,
2446 1277 2707 1340 quarum
2746 1279 2874 1320 una
2902 1261 2989 1318 ad

761 1362 1017 1443 Ροζγόίι·
1033 1363 1244 1444 filium
1273 1364 1596 1445 pertinens
1637 1357 1715 1424 ex
1750 1362 1992 1424 recenti
2038 1362 2287 1441 negotio
2310 1374 2458 1423 nata
2487 1373 2606 1433 est,
2642 1361 2842 1422 altera
2872 1362 2987 1422 du-

768 1461 937 1531 dum,
969 1477 1111 1522 cnm
1133 1462 1323 1522 resin
1345 1458 1525 1523 curia
1544 1463 1911 1544 agitaretur,
1948 1478 1986 1521 a
2029 1479 2129 1522 me
2155 1473 2399 1542 parata,
2440 1477 2607 1521 nunc
2642 1477 2835 1542 opere
2865 1459 2987 1521 lar-

714 1571 725 1580 ·
766 1552 948 1637 giore
972 1570 1155 1620 aucta
1190 1559 1514 1641 processit.
1570 1553 1730 1624 Huic
1758 1569 2193 1637 argumentum
2220 1569 2319 1618 est
2355 1557 2673 1633 repudiata
2701 1576 2984 1630 censum,

769 1678 957 1739 quam
988 1670 1139 1721 tunc
1168 1660 1355 1720 totins
1388 1670 1637 1722 senatus
1673 1656 1911 1737 fugavit
1934 1658 2298 1721 auctoritas.
2346 1651 2503 1719 Volo
2532 1657 2809 1732 mireris,
2839 1675 2984 1734 gra·

769 1742 1091 1848 vissimum
1131 1761 1419 1824 ordinem
1460 1755 1886 1840 magisterium
1932 1760 2256 1841 respuisse.
2312 1759 2386 1818 In
2442 1757 2732 1822 oratione
2773 1771 2991 1821 nostra

772 1880 898 1924 non
926 1860 1097 1923 leves
1110 1878 1327 1923 causas
1355 1858 1603 1922 evitatae
1626 1857 1810 1941 hujus
1839 1857 2159 1940 potestatis
2179 1857 2486 1920 invenies.

843 2023 997 2092 ἠιςιΊ
1033 2021 1149 2074 cod.
1181 2021 1362 2092 Vulgo
1389 2020 1559 2074 deest.
1621 2067 1626 2072 .

785 2119 796 2130 ⁰
841 2139 1123 2213 repudiata
1136 2146 1392 2208 censura]
1428 2141 1609 2194 eadem
1635 2155 1719 2194 est
1740 2141 2088 2214 intelligenda
2122 2142 2309 2206 oratio,
2338 2142 2404 2194 de
2434 2158 2539 2210 qua
2563 2159 2726 2212 supra
2763 2141 2860 2204 IV,
2890 2142 2979 2204 29,

915 2226 1067 2278 dixit.

857 2333 1096 2459 symm..
1127 2376 1440 2456 Eupranio
1468 2379 1616 2460 (tv,
1650 2376 1774 2462 64)
1810 2399 1826 2437 z
1860 2378 1989 2439 Nec
2012 2390 2254 2440 tautum
2275 2361 2570 2460 epistolas
2586 2377 2808 2459 poecis,
2833 2394 2983 2438 ora-

775 2474 1084 2538 tiunculas
1111 2491 1355 2557 quoque
1386 2489 1651 2548 nostras,
1688 2478 1963 2539 nondum
1998 2477 2113 2541 tibi
2142 2478 2361 2553 editas,
2398 2479 2680 2542 deferri
2663 2500 2730 2541 ιιι
2763 2499 2993 2545 manus

776 2586 912 2635 tuas
935 2571 1258 2655 praecipis;
1287 2592 1422 2655 quae
1451 2593 1551 2634 res
1580 2574 1829 2636 videtur
1855 2574 2203 2651 ostendere,
2228 2573 2386 2656 quid
2402 2572 2627 2655 judicii
2655 2576 2886 2640 habeas
2906 2580 2988 2640 de

776 2670 880 2747 iis,
923 2677 1076 2755 quas
1113 2686 1275 2735 ante.
1300 2670 1634 2783 sumpsisti
1690 2673 1829 2736 Misi
1878 2673 2072 2754 igitur
2112 2694 2188 2738 ex
2222 2676 2685 2740 recentioribus
2727 2697 2991 2741 numero

585 2744 725 2828 266
778 2771 1080 2855 quinque,
1113 2792 1376 2854 quorum
1418 2768 1622 2836 mihi
1599 2767 1732 2852 J'am
1760 2771 2049 2836 fiduciam
2090 2773 2242 2836 fecit
2268 2773 2556 2855 publicus
2582 2775 2785 2839 favor.

852 2930 872 2950 ⁶
893 2928 1113 2980 nondum
1139 2926 1456 2994 tc’bieditas]
1500 2926 1619 2978 cod.
1651 2925 1831 2997 Vulgo
1857 2893 2154 2997 refragante
2172 2927 2438 2979 sententia
2457 2926 2582 2990 loci,
2603 2946 2701 2979 non
2724 2928 2914 2982 editas.

850 3054 869 3072 ⁹
886 3049 1035 3120 milu']
1062 3051 1181 3105 cod.
1202 3035 1380 3123 vulgo
1401 3033 1516 3115 iane}
1542 3050 1607 3103 dc
1637 3033 1745 3120 qua
1769 3027 1996 3106 lectione
2014 3023 2261 3120 Meyerus
2283 3072 2300 3102 .-
2328 3072 2354 3099 ι
2377 3050 2625 3103 similiter
2646 3071 2708 3105 ac
2725 3015 2994 3107 decadem

923 3137 1145 3190 fortasse
1169 3138 1406 3190 oratione
1426 3137 1482 3189 in
1498 3138 1598 3208 Ep.
1621 3136 1646 3187 7
1676 3134 1800 3186 libri
1819 3134 1894 3186 111
1922 3134 2161 3205 loquitur
2181 3155 2194 3186 ε
2220 3136 2363 3207 Cape
2388 3135 2662 3208 sc'quc'dab
2677 3156 2790 3209 rep.
2814 3158 2991 3203 vacas,

919 3219 1300 3272 oratiunculam
1323 3225 1571 3281 nostram,
1599 3218 1754 3290 cujus
1770 3215 2247 3289 edcndoefiduce‘am
2270 3215 2416 3272 favor
2439 3214 2625 3270 cive‘mn
2645 3218 2810 3272 dedit.
2835 3245 2849 3266 .

864 3375 1104 3456 Symm.
1147 3372 1473 3435 Theodoro
1503 3373 1617 3447 (V,
1637 3374 1730 3445 ·9)
1757 3393 1774 3431 ι
1816 3373 2048 3434 Vereor
2074 3370 2444 3451 eloquentiae
2472 3384 2591 3433 ωε
2616 3373 2855 3456 scripta
2886 3394 2995 3436 no-

780 3485 912 3534 stra
947 3470 1360 3542 committoee,
1391 3468 1500 3531 sed
1531 3487 1657 3530 non
1687 3468 1891 3530 minus
1920 3487 2115 3531 caveo
2139 3468 2341 3530 amori
2366 3482 2475 3532 tuo
2502 3489 2786 3534 meorum
2813 3473 2992 3552 quid-

781 3593 968 3655 quam
987 3587 1244 3652 negare.
1277 3572 1446 3636 Duas
1471 3572 1663 3652 igitur
1683 3567 2111 3635 oratiunculas
2128 3589 2332 3653 nuper
2350 3572 2548 3634 editas
2562 3592 2604 3635 a
2621 3572 2799 3635 nobis
2823 3572 2989 3637 misi.

781 3674 1016 3736 Earum
1052 3691 1178 3736 una
1227 3671 1305 3732 ad
1345 3672 1620 3735 urbanos
1655 3670 1853 3733 fasces
1888 3673 2295 3734 resultantem
2327 3670 2533 3734 tenuit
2558 3674 2989 3749 candidatum,

781 3768 970 3833 alteri
997 3778 1432 3847 argumentum
1454 3769 1627 3832 dedit
1650 3766 1783 3849 jam
1806 3767 2049 3849 pridem
2074 3769 2335 3831 decreto
2354 3782 2611 3832 senatus
2635 3766 2999 3854 improbata

785 3884 1067 3929 censura.
1104 3865 1230 3928 Sed
1250 3864 1550 3948 judicium
1571 3885 1798 3940 meum,
1840 3884 1982 3927 cum
2007 3884 2109 3927 res
2135 3879 2277 3929 acta
2303 3879 2424 3940 est,
2456 3863 2998 3953 habitumpropa·

783 3965 929 4044 gavi
959 3983 1148 4047 opere
1167 3963 1463 4044 largiore.
1508 3966 1637 4026 Nec
1664 3963 1817 4026 mihi
1846 3962 2001 4026 vitio
2021 3977 2235 4027 vortas
2254 3966 2476 4049 priscae
2512 3964 2868 4031 severitatis
2900 3989 3001 4031 re·

785 4066 1047 4147 pulsam.
1102 4067 1262 4128 Nam
1304 4067 1580 4164 quaedam
1617 4066 1766 4129 solis
1808 4067 2085 4148 speciosa
2124 4064 2505 4143 nominibus,
2548 4087 2661 4131 usu
2703 4081 2768 4131 et
2811 4090 2998 4153 expe·

783 4168 1012 4230 riundo
1039 4166 1374 4253 plurimum
1413 4182 1663 4234 nocent.
1702 4169 2003 4232 Rationes
2033 4171 2360 4232 sententioe
2394 4184 2546 4234 mese
2573 4170 2776 4233 lector
2817 4169 2994 4234 inve·

788 4283 944 4326 mes.
