3367 5417
1423 448 1551 518 139

473 589 684 651 Festus
716 611 733 663 3
772 588 1106 649 Ratis-sima
1144 607 1384 670 quoque
1423 587 1503 650 ab
1551 587 1671 660 his,
1730 604 1863 667 quae
1906 598 2041 644 rata
2072 581 2332 646 dicimus
2369 605 2386 644 ε
2425 584 2609 645 unde.

393 682 580 747 etiam
607 685 884 747 rationes
907 683 1108 748 dictoe.
1141 686 1295 749 Cato
1319 686 1386 747 in
1408 686 1491 769 Q.
1524 684 1854 749 Thermum
1884 703 1901 743 τ
1946 680 2124 761 Erga
2153 680 2592 760 rempublicam

388 784 575 841 multa
603 783 894 864 beneficia
916 788 1236 845 ratissima
1261 798 1437 868 atque
1456 784 1830 861 gratissima.

471 877 695 941 Cetera
731 879 1099 958 fragmenta,
1140 899 1273 961 quoe
1293 901 1329 941 a
1359 877 1683 942 Prisciano
1707 895 1782 937 ex
1810 871 2094 940 oratione
2141 874 2209 935 in
2256 872 2591 935 Thermum

390 975 758 1053 asseruntur,
793 973 860 1038 in
883 997 957 1038 ea
984 977 1348 1039 collocanda
1386 987 1557 1057 puto,
1599 992 1780 1055 quam
1808 971 1877 1035 in
1901 972 2237 1033 Thermum
2264 967 2488 1031 habuit
2515 970 2592 1030 de

386 1091 533 1152 rege
559 1074 888 1137 Ptolomoeo
917 1094 1082 1137 anno
1113 1073 1259 1147 590,
1288 1072 1454 1136 infra
1483 1093 1547 1155 p.
1586 1071 1687 1134 51.

955 1268 1059 1329 24.
1114 1286 1330 1330 cnuto
1361 1288 1442 1329 AD
1473 1287 1634 1329 uus
1660 1283 1993 1327 censorius·
2645 1254 2734 1325 36

475 1429 653 1491 Hanc
681 1430 1023 1513 orationem
1059 1430 1215 1494 Cato
1261 1430 1478 1493 habuit
1505 1448 1731 1492 censor
1780 1429 1860 1489 ad
1908 1427 2222 1511 populum,
2257 1440 2589 1506 antequam

392 1543 682 1592 notarum
713 1531 1001 1592 redderet
1029 1533 1362 1605 rationem,
1389 1549 1522 1613 quae
1539 1530 1761 1591 multas
1786 1541 2115 1591 moverant
2133 1530 2297 1590 lites.
2323 1524 2593 1595 Ursinus

389 1629 757 1692 emendabat
803 1632 890 1688 ad
913 1645 1086 1692 notas
1116 1635 1445 1691 censor-1⁶05.
1484 1634 1565 1691 At
1601 1629 1859 1690 sortasse
1897 1640 2037 1708 post
2081 1647 2407 1689 censuram
2455 1645 2593 1687 eam

387 1728 633 1803 habuit,
663 1747 802 1790 cum
823 1729 896 1789 T.
929 1728 1312 1789 Flamininus
1333 1723 1661 1795 effecisset,
1689 1736 1760 1784 ut
1783 1721 2147 1797 locationes,
2195 1742 2348 1803 quas
2372 1740 2597 1782 censor

389 1830 628 1893 fecerat
656 1829 834 1904 Cato,
878 1829 1073 1891 irritae
1114 1841 1325 1892 essent
1373 1841 1438 1890 et
1488 1826 1680 1889 multa
1719 1827 1779 1887 ei
1828 1824 2240 1904 irrogaretur.
2301 1821 2482 1904 Quod
2519 1841 2600 1884 ex

394 1928 717 1990 Plutarch.
754 1925 893 1988 Cat.
941 1946 1002 1987 c.
1046 1928 1119 1987 19
1152 1925 1594 2005 cognoscimus
1636 1917 1766 2009 [Sic
1806 1922 2022 1985 statuit
2062 1919 2251 1983 etiam
2291 1916 2568 2014 Bolbuis.
2555 1961 2595 1990 .‚

389 2047 572 2109 qnam
594 2046 659 2087 v.
688 2046 753 2107 p.
796 2026 940 2099 162,
971 2025 1078 2087 ubi
1103 2026 1271 2088 locos
1295 2039 1576 2087 veterum
1604 2025 1681 2085 de
1712 2042 1976 2086 censura
2002 2019 2258 2085 Catonis
2286 1990 2590 2109 colleg-in]

387 2123 600 2187 Livius
627 2142 867 2204 quoque
895 2124 1006 2184 has
1024 2124 1166 2187 lites
1193 2135 1497 2186 memorat
1513 2121 1625 2183 lib.
1651 2121 1941 2197 XXXIX,
1976 2120 2100 2181 44:
2142 2116 2433 2183 «Nobilis
2450 2139 2598 2183 cen-

388 2246 533 2289 sura
578 2225 692 2286 l'uit
720 2221 1242 2307 simultatiumque
1271 2225 1478 2307 plena,
1525 2243 1658 2305 quoe
1684 2225 1771 2284 M.
1813 2224 2127 2295 Porcium,
2151 2219 2252 2285 cui
2290 2219 2600 2285 acerbitas

388 2344 463 2387 ea
490 2319 942 2402 assignabantur,
967 2344 1081 2406 per
1103 2342 1348 2388 omnem
1377 2322 1567 2384 vitam
1597 2335 2036 2386 exercuerunt.
2073 2349 2103 2380 n

474 2422 725 2482 Festus:
766 2421 1154 2483 periculatus
1182 2441 1342 2497 sum,
1375 2419 1529 2483 Cato
1564 2418 1657 2483 ait
1686 2420 1753 2482 in
1781 2438 1858 2482 ea
1889 2420 2195 2493 oratione,
2231 2439 2414 2501 quam
2441 2420 2594 2482 scri·

390 2517 514 2600 psit
553 2520 630 2579 ad
657 2516 787 2580 litis
816 2516 1153 2580 censoriaS.
1196 2517 1392 2575 Parsi
1413 2560 1433 2585 ,
1488 2536 1615 2579 non
1649 2521 1926 2596 peperci,
1976 2517 2066 2578 ait
2093 2515 2248 2579 Cato
2287 2513 2356 2579 in
2381 2517 2597 2579 eadem

389 2603 674 2665 oratione
700 2624 718 2664 ε
750 2604 921 2676 Scio,
936 2607 1230 2682 fortunas
1255 2602 1549 2661 secundas
1570 2602 2023 2681 neglegentiam
2041 2602 2345 2679 prendere
2372 2601 2595 2661 solere.-

386 2701 550 2786 quod
587 2705 677 2759 uti
707 2697 1078 2778 prohibitum
1120 2703 1273 2756 1‘rem
1293 2739 1313 2765 ,
1356 2699 1518 2783 quod
1558 2702 1618 2757 in
1663 2719 1766 2758 me
1812 2712 1992 2767 esset,
2042 2716 2181 2755 meo
2229 2695 2429 2755 labori
2477 2719 2596 2757 non

383 2821 579 2879 par-st.

461 2934 836 3010 neglegentiam
863 2937 1149 3008 prendere]
1188 2938 1227 2990 i.
1253 2956 1304 2990 e.
1334 2955 1618 3000 arcessere,
1646 2936 1884 3007 gignere.
1913 2935 2116 2985 Sensus
2144 2945 2256 2986 est:
2298 2952 2421 2986 cum
2446 2951 2595 2987 vere-

532 3039 636 3084 rer,
674 3039 742 3073 ne
770 3019 995 3072 Romani
1020 3020 1087 3073 ob
1113 3020 1402 3083 fortunam,
1423 3037 1528 3089 qua
1554 3017 1834 3081 florebant,
1867 3034 1899 3068 a
1923 3014 2199 3068 severitate
2224 3033 2428 3069 morum
2450 3034 2595 3069 rece-

533 3104 739 3168 derent,
765 3103 819 3156 id
847 3115 971 3156 ante
1004 3104 1180 3156 omnia
1206 3102 1263 3154 in
1292 3120 1519 3155 censura
1541 3099 1837 3156 curandum
1856 3117 1972 3153 esse
1994 3097 2308 3163 existimavi,
2341 3111 2423 3163 ut,
2453 3097 2595 3169 quod

531 3189 588 3239 in
605 3206 688 3241 me
705 3200 837 3251 erat,
865 3187 1092 3241 luxurie
1113 3199 1168 3240 et
1185 3186 1389 3240 inertiae
1406 3186 1724 3239 resisterem.

908 3368 1015 3429 25.
1064 3386 1285 3431 onum
1331 3388 1409 3429 na
1451 3387 1638 3430 status
1680 3388 1755 3430 m·
1797 3386 2068 3431 uanus.

470 3529 686 3595 Livius
729 3532 1001 3593 XXXIX
1017 3574 1036 3603 ‚
1083 3531 1164 3592 44
1217 3554 1232 3592 ε
1283 3534 1660 3592 ornamenta
1715 3547 1775 3591 et
1822 3548 2060 3593 vestem
2121 3529 2484 3591 muliebrem
2539 3542 2599 3591 et

387 3632 667 3692 vehicula
686 3674 708 3701 ,
749 3651 888 3714 quoe
924 3630 1127 3708 pluris
1163 3651 1346 3715 quam
1388 3632 1729 3715 quindecim
1772 3632 2036 3690 millium
2077 3634 2229 3691 ceris
2268 3643 2487 3703 essent,
2533 3632 2598 3686 in

386 3754 637 3794 censum
665 3733 899 3812 referre
927 3735 1198 3790 viatores
1215 3724 1425 3811 jussit.
1462 3728 1656 3815 Signa
1697 3743 1763 3792 et
1795 3731 2037 3794 tabulas
2072 3743 2370 3813 tanquam
2408 3749 2594 3795 orna·

386 3844 600 3893 menta
628 3830 840 3892 domus
869 3827 1082 3891 censui
1106 3826 1385 3911 subjecta
1411 3846 1547 3890 esse
1571 3848 1608 3889 a
1637 3826 1878 3891 Catone
1914 3830 2158 3912 opinor.

472 3932 725 3994 Festus:
777 3955 807 3987 ι
838 3931 1388 4009 Redemptitavere,
1447 3940 1519 3990 ut
1553 3929 1982 4008 clamitavere,
2036 3930 2193 3996 Cato
2242 3930 2310 3993 in
2340 3951 2439 4005 ea,
2473 3951 2594 4013 qua

385 4029 516 4109 egit
561 4031 638 4092 de
677 4027 868 4108 signis
897 4039 960 4090 et
1012 4027 1280 4089 tabulis:
1312 4027 1620 4088 Honorem
1661 4044 2051 4107 temptavere,
2100 4029 2212 4102 ait,
2266 4028 2595 4109 malefizcta

389 4128 725 4209 benefirctis
753 4147 872 4186 non
893 4126 1414 4203 redemptitavere.
1448 4151 1479 4182 n
1502 4125 1713 4190 Codex
1731 4127 1897 4188 Festi
1923 4146 2038 4210 pro
2069 4127 2397 4208 malefacta
2408 4125 2596 4190 habet

391 4225 427 4285 I.
436 4227 634 4306 ffecta
678 4224 837 4310 (sic).
900 4219 1161 4285 Ursinus
1186 4220 1541 4286 emendavit
1584 4222 1889 4285 Honorem
1914 4230 2319 4304 emptitavere.
2367 4218 2593 4317 [Quem
