3367 5417
1911 429 2002 507 42

842 563 975 646 ejus
997 561 1332 643 antiquitas
1356 560 1587 623 lasciva
1616 558 1792 621 dixit.
1818 562 1895 623 V.
1931 559 2094 622 Plin.
2129 562 2284 642 Epp.
2319 564 2397 633 V,
2427 557 2573 621 20.*
2613 552 2818 646 [Conf.
2854 559 3035 621 Wei-

839 664 1038 726 chert.
1062 660 1261 740 Reliq.
1294 672 1533 741 poetar.
1569 679 1632 740 p.
1672 658 1789 722 129
1818 654 1945 745 sq]

918 761 1014 824 De
1039 756 1422 822 orationibus
1452 776 1579 818 uon
1606 768 1847 820 constat
1901 756 2103 821 Unam
2125 774 2210 820 τοῦ
2230 767 2549 822 theanum&
2577 756 2824 837 generis
2855 776 3022 820 com·

835 871 1139 924 memorat
1162 859 1408 929 Cicer0‚
1446 860 1662 916 matris
1687 856 1981 934 Popillioe
2007 856 2435 918 hudaaonem.
2475 855 2581 944 [V.
2621 858 2703 919 sr-
2738 878 2800 939 p.
2841 855 3020 945 135]

833 960 1327 1026 Commentarios
1354 957 1632 1021 derebus
1650 955 1776 1019 suis
1801 957 1880 1019 ad
1909 959 1985 1019 A.
2021 957 2276 1021 Furium
2298 970 2544 1039 poetam
2566 959 2783 1020 missos
2805 957 3033 1022 Cicero

834 1064 1008 1123 Brut.
1041 1061 1088 1121 l.
1114 1060 1373 1144 c.‚molli
1398 1059 1660 1140 quodam
1691 1071 1754 1119 et
1782 1059 2236 1139 Xenophonteo
2257 1077 2488 1138 genere
2505 1058 2772 1141 scriptos
2789 1073 3030 1123 censet.

850 1157 954 1248 Π.
981 1164 1212 1225 Kraus.
1240 1160 1397 1223 Vitt.
1430 1172 1495 1221 et
1522 1158 1604 1220 sr.
1625 1157 1771 1219 hist.
1801 1178 1866 1240 p.
1903 1157 2027 1220 232
2061 1156 2231 1246 sqq.]

917 1263 1021 1323 33.
1070 1259 1262 1323 Paulo
1305 1260 1615 1321 seniorem
1645 1257 1893 1331 Catulo,
1941 1258 2164 1321 Rutilii
2181 1260 2514 1339 aequalem,
2558 1258 2641 1338 Q.
2707 1255 3028 1317 Caecinam

825 1358 1143 1422 Metellum
1190 1355 1600 1427 Numidicum,
1654 1355 1779 1416 huc
1813 1353 2178 1427 distulimus,
2228 1355 2389 1435 quod
2438 1353 2718 1435 quamvis
2758 1352 3026 1434 plurima

824 1458 1179 1520 testimonia
1206 1477 1335 1519 non
1374 1456 1553 1518 modo
1585 1455 1846 1532 virtute,
1894 1456 2001 1517 sed
2043 1455 2320 1517 oratoria
2358 1454 2548 1517 etiam
2574 1453 2866 1517 facultate
2901 1454 3020 1518 Ca·

824 1554 955 1616 tulo
997 1570 1062 1617 et
1088 1553 1325 1617 Rutilio
1351 1553 1651 1635 majorem
1684 1553 1893 1618 facere
1921 1553 2274 1625 videantur,
2324 1571 2449 1615 non
2479 1563 2691 1615 tamen
2722 1551 2791 1614 in
2818 1539 3020 1614 orato·

819 1672 957 1714 rum
990 1671 1245 1717 numero
1272 1671 1414 1714 eum
1444 1649 1626 1712 titisse
1649 1670 1725 1712 ex
1742 1650 1877 1714 Cic.
1913 1651 2088 1712 Brut.
2124 1670 2185 1712 c.
2220 1650 2324 1727 35,
2361 1649 2507 1721 135,
2539 1662 2857 1731 appareat.

898 1754 1075 1816 Gens
1101 1751 1353 1817 Caecilia
1376 1752 1714 1815 secundum
1743 1751 2044 1814 Liciniam
2079 1751 2249 1814 inter
2278 1749 2553 1833 plebeias
2579 1769 2878 1814 summam
2907 1751 3015 1816 ha-

816 1850 923 1914 bet
948 1862 1314 1912 vetustatem
1345 1859 1408 1908 et
1435 1849 1805 1910 claritatem.
1839 1849 1995 1910 Nam
2034 1847 2272 1926 primus
2296 1845 2576 1910 occurrit
2617 1847 2689 1907 L.
2732 1845 3017 1912 cecilius

812 1950 964 2012 trib.
997 1951 1081 2031 pl.
1121 1953 1279 2016 a.U.
1309 1948 1452 2009 315.
1474 1948 1877 2011 Consulatum
1898 1948 2137 2028 primus
2160 1948 2347 2027 gessit
2372 1950 2445 2010 L.
2472 1948 2752 2011 Metellus
2770 1966 2831 2010 a.
2861 1948 3009 2020 469.

814 2068 855 2110 a
876 2065 998 2127 qno
1022 2045 1138 2106 suit
1159 2047 1232 2106 L.
1256 2044 1534 2105 Metellus
1552 2043 1649 2105 bis
1670 2045 1909 2118 consul,
1938 2044 2209 2107 dictator
2241 2059 2309 2106 et
2324 2045 2605 2127 pontifex
2623 2065 2789 2108 max.
2824 2044 3028 2112 Filius.

809 2146 989 2230 hujus
1004 2147 1087 2228 Q.
1111 2143 1393 2206 Metellus
1411 2142 1624 2206 consul
1651 2143 1772 2206 547
1796 2164 1935 2205 cnm
1958 2146 2029 2205 L.
2056 2146 2335 2208 Veturio.
2361 2147 2631 2226 Nepotes
2652 2153 2800 2224 (non
2823 2146 3005 2220 filios,

811 2261 885 2309 ut.
908 2246 1256 2326 Glandorp.
1313 2263 1374 2325 p.
1414 2243 1535 2306 944
1568 2262 1875 2305 annorum
1897 2247 2446 2325 computandorum
2470 2245 2820 2308 incuriosus
2834 2247 3006 2333 facit)

810 2340 1109 2406 convenit
1129 2361 1260 2403 esse
1281 2342 1362 2423 Q.
1394 2340 1712 2414 Metellum
1730 2340 2196 2405 Macedonicum
2225 2344 2365 2410 Cos.
2417 2343 2564 2417 610,
2598 2357 2663 2406 et
2692 2347 2759 2408 L.
2796 2347 3009 2409 Metel.

804 2447 932 2507 lum
958 2442 1221 2509 calvum
1245 2442 1386 2506 Cos.
1424 2443 1571 2517 611,
1604 2442 1779 2526 eujus
1806 2443 1922 2505 filii
1944 2445 2330 2510 Dalmaticus
2354 2445 2497 2508 Cos.
2532 2447 2678 2522 634,
2712 2459 2779 2510 et
2796 2450 3005 2511 Numi·

869 2693 889 2714 '
916 2693 1227 2764 Temperare
1255 2689 1385 2742 mihi
1420 2708 1527 2741 non
1566 2708 1814 2761 possum,
1859 2692 1991 2762 quin
2025 2709 2061 2744 a
2087 2690 2343 2744 librorum
2371 2694 2446 2745 De
2480 2706 2684 2747 oratore
2717 2696 3001 2750 novissimo

796 2776 997 2833 editore
1020 2794 1293 2848 perperam
1312 2774 1590 2827 inductum
1614 2775 2007 2829 Catulinomen
2035 2776 2132 2831 lib.
2162 2778 2257 2839 111,
2280 2782 2369 2840 23,
2395 2797 2492 2850 pro
2523 2780 2691 2833 Cotta·
2706 2783 2996 2838 ostendam.

798 2865 885 2916 Sic
911 2862 1185 2934 scripsisse
1235 2880 1291 2914 se
1335 2860 1595 2915 Mullerus
1621 2863 1715 2926 ait,
1744 2862 1886 2934 quod
1911 2866 2086 2926 Cotta,
2113 2864 2206 2935 qui
2234 2877 2476 2935 tanquam
2500 2866 2798 2939 discipulus
2823 2871 3003 2924 audiat

795 2947 1091 3000 Antonium
1108 2958 1165 2999 et
1188 2947 1458 3007 Crassum,
1480 2946 1892 2999 subtilissimum
1912 2946 2122 2998 dicendi
2138 2966 2309 3018 genus
2326 2962 2604 3002 assecutus
2622 2949 2728 3003 diei
2745 2971 2855 3006 non
2872 2971 2996 3024 poc-

798 3031 890 3090 sit,
916 3031 1127 3094 Cottam
1150 3028 1304 3082 etiam
1338 3028 1631 3086 Antonium
1667 3029 1924 3084 imitando
1959 3043 2324 3096 consecutum,
2361 3032 2614 3088 Catulum
2641 3046 2818 3092 autem
2847 3039 3001 3108 qnasi

801 3114 1153 3171 αὐτοδίδακτον
1179 3114 1367 3170 videri.
1395 3114 1597 3168 Deinde
1625 3114 1756 3167 alibi
1780 3132 1988 3185 quoque
2010 3117 2218 3174 Cottam
2243 3130 2299 3170 et
2322 3117 2640 3190 Sulpicium,
2663 3121 2917 3176 Caesarem
2942 3138 2998 3179 et

791 3201 1043 3266 Catulum
1074 3199 1339 3271 componi,
1369 3197 1519 3252 velut
1546 3198 1639 3260 111,
1668 3200 1722 3250 8.
1756 3197 1857 3249 Sed
1883 3198 2052 3251 Cottae
2081 3199 2263 3251 laudes
2284 3201 2480 3272 passim
2500 3201 2660 3256 habet
2681 3204 2884 3268 Cicero,
2914 3208 2991 3259 De

791 3297 924 3336 orat.
945 3284 991 3347 1,
1012 3285 1042 3335 8
1073 3295 1129 3334 et
1147 3285 1298 3334 Brut.
1318 3300 1368 3333 c.
1391 3280 1477 3332 55.
1510 3281 1671 3331 Porro
1713 3282 1950 3349 quamvis
1975 3283 2149 3343 Cotta,
2179 3282 2374 3352 quibus
2395 3297 2597 3337 careret
2623 3304 2731 3339 non
2753 3290 2984 3353 nescius,

795 3364 1021 3420 Antonii
1064 3362 1450 3416 vehementiam
1476 3361 1756 3432 cupiebat,
1783 3374 1847 3414 ut
1883 3362 2153 3415 violentus
2177 3363 2237 3416 P.
2265 3365 2537 3436 Sulpicius
2570 3369 2748 3422 Crassi
2773 3369 2989 3443 elegan-

794 3449 938 3514 tiam,
959 3457 1188 3518 uterque
1204 3457 1399 3509 tamen,
1424 3443 1568 3514 qnod
1594 3445 1828 3515 petebat,
1851 3464 1960 3498 non
1987 3457 2070 3500 est
2086 3461 2380 3506 assecutus.
2402 3450 2665 3506 Summam
2681 3465 2858 3507 autem
2876 3474 2986 3508 rein

782 3532 1417 3607 presertiditffMullerus.
1448 3532 1585 3586 Nam
1618 3532 1682 3586 C.
1721 3533 1885 3600 Curio
1910 3545 2051 3587 recte
2079 3536 2301 3589 Caesaris
2325 3548 2380 3589 et
2402 3538 2571 3590 Cottae
2597 3540 2820 3609 aqualis
2851 3541 2984 3594 dici-

789 3629 880 3676 tur
906 3638 922 3678 ;
948 3618 1120 3674 Cesar
1155 3615 1300 3670 enim
1331 3613 1584 3670 aedilitius
1616 3615 1827 3672 occisus
1852 3628 1953 3683 est,
1984 3636 2188 3676 annum
2216 3618 2312 3680 XL
2342 3638 2454 3676 nou
2477 3639 2741 3693 egressus,
2772 3642 2823 3676 a.
2852 3625 2984 3678 666.

785 3698 948 3752 Curio
970 3700 1093 3752 Cos.
1122 3699 1226 3756 fuit
1259 3701 1382 3764 677,
1428 3700 1585 3751 Cotta
1609 3701 1732 3762 673,
1775 3702 2212 3776 quinquagenarii
2240 3702 2402 3757 ferme
2438 3703 2583 3757 hunc
2613 3706 2976 3780 magistratum

784 3785 982 3859 adepti,
1005 3804 1126 3837 cum
1142 3786 1286 3839 bello
1310 3786 1456 3839 civili
1471 3798 1523 3838 et
1553 3785 1796 3842 Sullanis
1820 3790 2040 3842 asseclis
2057 3790 2355 3846 inserendis
2374 3790 2620 3847 retardati
2639 3806 2838 3848 essent.
2870 3795 2974 3849 Sed

778 3867 1044 3940 quomodo
1079 3868 1243 3919 Curio
1274 3881 1328 3921 et
1354 3870 1529 3922 Caesar
1574 3869 1754 3921 Catuli
1784 3872 2033 3940 aequales,
2065 3873 2159 3943 qui
2184 3873 2430 3926 undecim
2467 3879 2626 3931 annis
2658 3891 2780 3931 ante
2806 3878 2973 3933 collo-

781 3958 970 4027 quium
993 3953 1236 4007 habitum
1264 3955 1470 4026 consul,
1500 3955 1837 4027 sexagenario
1863 3955 2028 4028 major
2052 3977 2172 4010 cum
2189 3959 2392 4012 Caesare
2418 3961 2580 4017 &atre
2615 3965 2824 4019 occisus
2848 3979 2928 4019 cst
2943 3968 2973 4017 P

778 4043 855 4092 De
875 4037 1073 4093 Catulo
1094 4035 1228 4100 filio,
1249 4054 1357 4090 cos.
1379 4038 1500 4100 6¹1⁵,
1527 4056 1788 4107 nusquam
1816 4039 1871 4091 in
1901 4038 1985 4093 his
2013 4039 2167 4095 libris
2188 4043 2404 4099 mentio.
2430 4047 2576 4116 Quid
2601 4061 2726 4103 uota
2753 4049 2970 4103 editoris

774 4141 895 4177 mox
916 4122 1095 4177 addita
1112 4119 1215 4176 sibi
1232 4118 1382 4187 velit,
1404 4140 1513 4176 non
1531 4140 1801 4193 assequor.
