3367 5417
1457 425 1590 495 113

419 575 572 635 dunt
597 568 664 631 iu
687 574 1012 633 censuram
1032 567 1166 651 ejus
1191 588 1207 626 ε
1235 567 1398 647 quod
1419 567 1682 628 adversa
1705 564 2050 638 nobilitate,
2081 576 2147 625 at
2167 581 2390 642 magno
2407 560 2614 644 populi

421 671 638 734 favore
683 669 927 750 accepit
966 688 1207 730 munus.
1257 669 1397 751 lpse
1427 685 1664 730 summa
1695 665 2097 729 contentione
2136 684 2275 726 eam
2301 662 2502 745 petiit,
2550 677 2618 723 ut

420 765 896 832 omnemlabem
926 766 1201 828 civitatis
1227 765 1566 847 expelleret
1602 775 1666 825 et
1704 761 2042 827 sceleribus
2068 758 2369 823 nobilium
2396 779 2611 824 occur-

418 881 612 931 reret.
655 867 809 927 Inde
843 878 1079 947 septem
1113 878 1466 940 senatores,
1508 862 1804 944 multique
1850 861 2119 943 equites,
2176 880 2325 941 quos
2361 871 2616 941 propter

417 967 650 1038 luxum,
693 962 1007 1039 inertiam,
1054 963 1482 1025 crudelitatem
1520 958 1994 1043 superbiamque
2032 961 2272 1031 oderat,
2306 958 2445 1021 loco
2472 969 2622 1019 sunt

423 1065 601 1127 moti.
637 1064 715 1123 ln
738 1058 1024 1123 censibus
1055 1080 1294 1143 quoque
1324 1059 1702 1142 accipiendis
1740 1054 1938 1121 tristis
1964 1070 2029 1119 et
2052 1074 2268 1138 aspera
2307 1055 2375 1117 iu
2417 1073 2630 1117 omnes

423 1161 675 1226 ordines
698 1177 962 1221 censura
985 1158 1121 1220 l'uit.
1157 1159 1254 1220 Ac
1288 1177 1508 1219 munus
1542 1154 1678 1237 ejus
1710 1156 1866 1219 adeo
1899 1166 2144 1235 gratum
2185 1166 2627 1235 acceptumque

428 1254 658 1340 populo
675 1253 812 1328 suit,
844 1267 916 1315 ut
935 1254 1267 1318 Censorius
1285 1265 1498 1336 postea
1525 1253 1972 1315 nominaretur.
2006 1254 2166 1314 Nam
2179 1250 2478 1314 Catonem
2504 1263 2629 1313 tam

424 1356 777 1439 reipublicoe
806 1356 1061 1418 hercule
1104 1355 1337 1436 profuit
1371 1354 1546 1417 nasci
1583 1372 1770 1433 quam
1795 1352 2145 1434 Scipionem
2184 1373 2200 1411 ε
2251 1351 2412 1415 alter
2451 1352 2621 1415 enim

427 1451 864 1517 cumhostibus
877 1452 1106 1514 nostris
1130 1452 1387 1525 bellum,
1417 1451 1578 1513 alter
1599 1458 1749 1512 cum'
1765 1449 2041 1512 moribus
2059 1449 2269 1528 gessit,
2300 1463 2370 1510 ut
2388 1450 2631 1513 Seneca

430 1555 732 1639 praedicat
759 1553 830 1615 in
856 1548 1056 1634 Epist.
1093 1551 1460 1615 LXXXVII.

517 1655 833 1715 Praeterea
867 1648 1024 1712 Cato
1069 1662 1200 1711 tres
1225 1667 1494 1711 summas
1525 1650 1593 1709 in
1630 1647 1882 1708 homine
1909 1666 2011 1708 res
2037 1645 2391 1727 prmtitisse
2427 1648 2633 1709 existi·

431 1765 657 1825 matus,
713 1763 783 1812 ut
819 1767 981 1813 esset
1025 1749 1292 1831 optituus
1337 1760 1551 1810 orator
1568 1792 1586 1820 ,
1640 1747 1906 1828 optimus
1953 1746 2291 1827 imperator
2305 1792 2326 1819 ,
2366 1749 2634 1829 optimus

431 1862 708 1916 senator.
757 1851 1046 1922 Accedit,
1094 1852 1252 1930 quod
1291 1848 1566 1911 omnium
1609 1848 1916 1909 bonarum
1946 1846 2173 1909 artium
2199 1846 2317 1909 fuit
2342 1849 2636 1926 magister

424 1965 492 2015 et
535 1951 820 2012 claritate
868 1950 1216 2010 litterarum
1270 1948 1713 2029 praeceptisque
1754 1948 2028 2008 omnium
2071 1962 2285 2008 rerum
2342 1960 2636 2028 expeten-

424 2055 646 2116 darum
676 2050 845 2113 datis
861 2049 1082 2129 generi
1102 2050 1383 2110 Romano
1410 2047 1674 2111 maxime
1703 2046 1983 2128 insignis,
2008 2059 2078 2108 ut
2103 2047 2341 2110 Plinius
2360 2049 2452 2110 ait
2470 2048 2631 2111 Hist.

428 2156 573 2216 Nat.
607 2151 785 2222 XIV,
823 2148 888 2210 4.

2678 811 2761 883 10

514 2252 719 2333 Igitur
744 2252 1025 2314 ordinem
1050 2251 1403 2313 orationum
1422 2264 1484 2311 et
1505 2262 1941 2328 argumentum
1970 2269 2193 2311 earum
2216 2269 2293 2311 ex
2321 2249 2638 2313 historicis

427 2351 786 2434 diligenter,
821 2362 1118 2433 quantum
1145 2351 1342 2432 potui,
1381 2350 1756 2431 quaerebam,
1788 2350 1973 2432 idque
2001 2369 2101 2412 me
2130 2346 2201 2411 in
2231 2361 2375 2412 octo
2400 2363 2467 2411 et
2492 2369 2637 2431 qua·

425 2454 715 2531 draginta
759 2471 899 2513 cum
949 2449 1153 2530 aliqua
1201 2449 1648 2531 probabilitate
1693 2448 1967 2512 effecisse
2017 2467 2200 2530 spero
2228 2473 2247 2507 ε
2295 2449 2365 2511 in
2408 2450 2637 2512 ceteris

426 2551 628 2635 major
673 2563 812 2615 erat
862 2549 1135 2631 quoestio,
1177 2569 1358 2629 quam
1400 2561 1470 2611 ut
1506 2547 1934 2611 difficultatem
1975 2548 2233 2609 vincere
2277 2546 2629 2630 potuissem,

427 2653 573 2736 quia
611 2666 718 2714 aut
746 2672 851 2714 res
892 2669 990 2711 me
1018 2649 1278 2724 latebat,
1318 2663 1426 2713 aut
1456 2649 1779 2732 inscriptio
1857 2650 2017 2731 apud
2058 2650 2457 2732 grammticos
2499 2671 2631 2713 cor·

432 2760 620 2831 rupta
659 2761 816 2811 erat.
873 2742 1117 2808 Profuit
1165 2748 1425 2809 multum
1468 2746 1729 2808 Ausonii
1779 2749 2027 2826 Popmoe
2067 2744 2324 2827 scriptio
2346 2788 2364 2818 ,
2414 2766 2638 2828 parum

430 2843 666 2907 LioniS.
698 2846 796 2906 Ex
824 2842 1287 2925 comparatione
1307 2854 1513 2904 autem
1540 2843 1788 2906 illarum
1816 2840 2255 2905 collectionum
2282 2844 2632 2926 apparebit,

428 2938 702 3003 editores
727 2936 969 3022 priores
1005 2959 1130 3002 non
1159 2959 1308 3002 raro
1330 2941 1399 3002 in
1424 2958 1590 3000 anno
1629 2938 1985 3001 definiendo
2023 2958 2291 3015 errasse,
2340 2951 2411 3000 ut
2431 2946 2635 3001 oratio

426 3038 508 3097 de
552 3037 819 3098 Loetorio
862 3036 1106 3099 illustre
1143 3049 1240 3098 oet
1272 3035 1655 3118 exemplum3
1696 3047 1763 3099 et
1813 3037 2075 3097 duarum
2119 3034 2474 3099 orationum
2506 3037 2634 3099 fra·

426 3148 676 3217 gmenta
709 3136 1026 3199 interdum
1064 3136 1133 3198 in
1161 3155 1352 3199 unam
1392 3136 1843 3215 conglutinata,
1879 3146 1989 3198 aut
2022 3132 2299 3215 ejusdem
2338 3135 2641 3198 orationis

429 3234 711 3318 separata
740 3237 943 3300 fuisse.
997 3237 1271 3300 Historia
1325 3238 1676 3299 orationum
1708 3236 1964 3300 Catonis
1997 3234 2179 3298 simul
2208 3234 2505 3298 memoria
2546 3248 2642 3298 est

434 3334 704 3413 quinque
742 3348 805 3396 et
834 3334 1247 3415 quadraginta
1273 3352 1584 3397 annorum
1624 3334 1983 3417 reipublicae
2027 3336 2360 3397 Romame:
2399 3353 2638 3396 summa

430 3432 598 3497 enim
642 3434 848 3515 capita
888 3452 1003 3515 per
1039 3435 1152 3501 hos
1178 3454 1375 3498 annos
1412 3455 1624 3498 rerum
1662 3437 2086 3499 Romanarum
2116 3433 2457 3515 attingunt.
2505 3435 2638 3496 Nec

427 3540 762 3594 versantur
807 3528 936 3590 sere
985 3530 1051 3589 in
1095 3530 1296 3592 causis
1323 3531 1588 3612 privatis
1605 3577 1628 3604 ‚
1674 3533 1783 3592 sed
1829 3532 1898 3597 iu
1946 3533 2025 3593 iis
2065 3532 2278 3606 rebus,
2331 3548 2466 3612 quae
2502 3546 2635 3595 tum

431 3624 698 3690 maxime
734 3628 804 3688 in
837 3638 1058 3689 senatu
1094 3626 1626 3698 deliberabantur,
1663 3641 1771 3688 aut
1798 3630 1865 3689 in
1892 3629 2129 3706 legibus
2169 3630 2497 3694 suadendis
2522 3632 2640 3695 dis·

431 3727 862 3798 suadendisve,
911 3736 1022 3786 aut
1056 3726 1126 3786 in
1160 3725 1362 3786 causis
1400 3726 1687 3808 publicis,
1744 3744 1879 3806 quae
1906 3727 2204 3792 latissime
2230 3742 2446 3812 patent
2470 3744 2534 3793 et
2560 3732 2640 3794 ab

437 3826 753 3892 historicis
816 3844 1056 3909 qnoque
1115 3825 1363 3908 copiose
1414 3838 1834 3910 exponuntur.
1885 3829 2032 3892 Ideo
2088 3831 2213 3894 tria
2258 3828 2642 3914 potissimum

434 3923 785 3990 orationum
810 3944 1042 4006 genera
1064 3924 1424 3988 discernere
1447 3925 1621 3998 licet,
1646 3927 1990 3993 sententias
2011 3930 2379 4005 senatorias,
2406 3931 2641 3993 oratio-

433 4048 544 4091 nes
567 4025 934 4109 judiciarias
962 4039 1026 4089 et
1053 4027 1387 4090 censorias.

515 4125 568 4188 li
589 4169 607 4200 ,
656 4126 761 4206 qui
817 4123 1073 4188 Catonis
1109 4125 1305 4188 vitam
1344 4125 1609 4189 interius
1654 4145 2031 4207 cognoscere
2077 4128 2369 4214 cupiunt,
2429 4132 2642 4213 legant

430 4228 855 4293 Schlosserum
906 4223 928 4307 (
960 4224 1633 4289 Universallzistotische
1698 4227 2047 4291 Uebersicht
2068 4278 2090 4305 ,
2131 4234 2227 4309 11,
2280 4232 2318 4295 2
2341 4280 2359 4308 ,
2404 4253 2473 4316 p.
2520 4234 2638 4295 185

2334 4345 2397 4397 15
