3367 5417
1893 443 2033 518 242

1193 691 1255 753 3.
1301 710 1525 753 cunio
1552 707 1665 752 rao
1692 709 1761 752 st
1786 661 2020 754 cosi-n
2048 711 2110 763 Q.
2135 710 2369 752 numu
2387 737 2405 765 ,
2431 710 2593 752 rme.
2622 711 2717 753 rr..

835 934 843 942 ·
928 901 1141 965 Valer.
1165 901 1332 962 Max.
1361 902 1479 975 111,
1503 902 1570 973 7,
1608 901 1686 965 8:
1725 898 1995 964 Scaurus
2035 920 2177 963 cum
2221 919 2338 982 pro
2380 901 2604 963 rostris
2634 913 3056 978 accusaretur,

841 1004 1006 1084 quod
1033 1001 1113 1063 ab
1141 1021 1292 1081 rege
1321 1001 1686 1064 Mithridate
1723 1000 1803 1063 ob
1846 1000 2291 1084 rempublicam
2324 1002 2705 1083 prodendam
2732 1000 3057 1085 pecuniam

842 1101 1205 1184 accepisset,
1242 1119 1490 1163 causam
1531 1119 1706 1163 suam
1748 1100 1840 1162 ita
1877 1101 2045 1179 egit:
2081 1100 2202 1162 Est
2229 1105 2396 1159 enim
2428 1105 2729 1184 iniquum,
2762 1102 3056 1183 Quirites,

835 1221 981 1261 cum
1017 1207 1179 1260 iruer-
1204 1201 1380 1272 alios,
1405 1204 1723 1274 vixerim,
1752 1202 1922 1279 opud
1943 1200 2103 1262 alios
2132 1220 2236 1259 me
2264 1204 2566 1262 rationem
2596 1205 2750 1261 vitoe
2779 1203 3061 1265 reddere.

825 1303 965 1370 ‘Sed
1003 1316 1213 1362 tamen
1250 1300 1486 1362 audebo
1533 1323 1665 1374 vos,
1699 1322 1952 1387 quorum
1995 1297 2210 1384 major
2243 1322 2396 1380 pars
2439 1300 2770 1362 honoribus
2809 1319 2873 1362 et
2911 1308 3059 1363 accis

834 1404 992 1460 meis
1018 1404 1316 1459 interesse
1340 1418 1466 1458 non
1488 1402 1707 1477 poluit,
1739 1402 2121 1479 Interrogare
2136 1423 2159 1456 .·
2182 1396 2413 1462 Varius
2438 1399 2847 1459 Sucronensis
2864 1398 3055 1459 AEmi·

832 1497 988 1556 lium
1006 1496 1313 1557 Scaurum
1327 1523 1336 1532 ·
1352 1500 1528 1575 regia
1567 1496 1850 1555 mercede
1890 1510 2266 1574 corruptum,
2294 1499 2633 1574 imperium
2667 1497 2895 1576 populi
2930 1497 3050 1558 Ro-

831 1597 1006 1652 mani
1026 1592 1381 1671 prodidisse
1407 1597 1514 1654 ait.
1549 1589 1856 1654 AEmilius
1872 1592 2143 1654 Scaurus
2164 1590 2304 1652 huic
2325 1612 2395 1652 se
2414 1591 2680 1676 affinem
2702 1612 2841 1654 esse
2857 1594 3047 1672 culpoe

826 1706 1031 1773 negat.
1065 1692 1207 1753 Utri
1224 1692 1478 1753 creditis
1498 1689 1532 1750 2

894 1852 1061 1902 oratu>
1082 1868 1181 1919 pro
1206 1852 1282 1915 se]
1309 1864 1520 1902 causam
1545 1846 1684 1901 dixit
1708 1864 1759 1901 a.
1780 1848 1906 1910 662,
1933 1844 2404 1919 temporibusbelli
2422 1845 2657 1911 socialis,
2678 1865 2788 1917 quo
2810 1865 2951 1900 anno
2974 1848 3047 1916 Q.

967 1930 1166 1984 Varius
1184 1928 1426 2000 Hybrida
1446 1941 1561 1982 erat
1583 1930 1836 1982 tribunus
1856 1927 2055 2004 plebis.
2081 1930 2322 1995 [Annmn
2340 1929 2445 1982 663
2464 1929 2657 1982 statuit
2675 1928 2943 1998 Ellendtq

901 2059 929 2086 ¹
947 2057 1097 2128 apud
1112 2055 1245 2110 alios
1260 2073 1342 2107 une
1356 2059 1639 2122 rationum]
1658 2052 1826 2107 codex
1849 2054 2084 2126 optimus
2104 2051 2345 2105 nondum
2370 2050 2440 2105 ub
2463 2051 2585 2105 aliis
2608 2053 2883 2126 inspectus
2900 2057 3039 2128 apud

980 2156 1123 2190 ιιιοο
1148 2155 1262 2190 m
1282 2149 1390 2189 rat.
1413 2141 1558 2189 vitm

905 2266 932 2292 ¹*
953 2262 1159 2316 Varius
1194 2260 1559 2328 Sucronensis]
1601 2257 1824 2332 plurimi
1852 2259 2008 2313 codd.
2048 2261 2248 2316 Varius
2277 2259 2497 2316 Severus
2532 2264 2593 2320 V
2590 2262 2873 2319 θωπικαὶ.
2915 2265 3049 2319 Vide

965 2358 1146 2399 notam
1163 2346 1432 2399 Toroenii.

630 2518 767 2592 130
911 2484 1178 2573 Quintil.
1212 2489 1293 2566 V,
1335 2488 1442 2563 12,
1483 2489 1560 2550 9:
1609 2486 1722 2549 His
1764 2485 2015 2569 quidam
2055 2488 2461 2570 probationes
2500 2486 2849 2570 adjiciunt,
2893 2512 3040 2573 quas

827 2602 1099 2664 παθητικὰς
1116 2603 1370 2664 vocant,
1389 2590 1611 2653 ductas
1627 2609 1702 2650 ex
1724 2586 2075 2652 affectibus.
2096 2590 2254 2652 Inde
2270 2590 2438 2653 enim
2456 2590 2565 2653 illa
2584 2590 2812 2655 nobilis
2828 2593 3047 2658 Scauri

820 2691 1090 2756 defensio
1109 2712 1126 2752 ε
1165 2690 1251 2773 Q.
1280 2689 1518 2750 Varius
1534 2687 1950 2750 Sucronensis
1969 2693 2082 2762 ait,
2106 2687 2442 2749 AEmilium
2462 2689 2775 2750 Scaurum
2795 2711 3042 2771 rempu-

816 2794 1044 2856 blicam
1060 2792 1278 2873 populi
1296 2791 1569 2853 Romani
1584 2790 1925 2869 prodidisse
1934 2814 1963 2866 ,·
1983 2788 2284 2860 AEmilius
2301 2788 2585 2852 Scaurus
2605 2808 2812 2872 negat.

907 2890 1125 2953 Aurei.
1146 2889 1391 2952 Victor.
1427 2888 1524 2949 De
1547 2886 1678 2949 vir.
1714 2886 1946 2948 illustr.
1975 2907 2034 2949 c.
2062 2885 2168 2961 72,
2198 2885 2231 2946 4
2252 2905 2273 2947 ε
2305 2886 2581 2949 Scaurus
2608 2906 2799 2950 senex
2830 2908 2970 2951 cum
2994 2909 3030 2951 a

815 2989 1011 3053 Vario
1039 2984 1194 3051 trib.
1219 2986 1311 3068 pl.
1343 2998 1736 3065 argueretur,
1770 2983 1943 3065 quasi
1973 2979 2175 3046 socios
2201 2994 2267 3045 et
2293 2983 2541 3046 Latium
2582 2987 2662 3046 ad
2689 3005 2867 3047 arma
2902 3006 3035 3049 coe·

814 3093 1005 3176 gisset
1026 3136 1043 3165 ,
1078 3089 1158 3151 ad
1185 3086 1481 3171 populum
1510 3089 1631 3149 ait:
1669 3085 1746 3151 V
1736 3089 1908 3145 arius
1942 3084 2346 3147 Sucronensis
2382 3086 2711 3148 AEmilium
2745 3088 3039 3150 Scaurum

813 3200 906 3255 ait
923 3195 1127 3254 socios
1148 3191 1235 3249 ad
1247 3210 1432 3249 arma
1453 3191 1760 3269 coegisse,
1778 3186 2052 3247 Scaurus
2069 3200 2259 3266 negat
2273 3211 2295 3245 .-
2321 3192 2446 3246 utri
2457 3192 2660 3265 potius
2678 3190 3040 3250 cmdandm

835 3295 1041 3354 ,utatis
1060 3290 1094 3349 'l

810 3317 857 3375 Γ
900 3386 1210 3454 Asconius
1235 3385 1304 3446 in
1330 3384 1513 3450 Orat.
1546 3382 1687 3446 Cic.
1725 3401 1843 3465 pro
1870 3381 2105 3446 Scauro
2134 3403 2276 3467 pag.
2305 3383 2423 3447 133
2454 3386 2555 3449 ed.
2581 3381 2791 3447 Beier.
2828 3388 2930 3471 (p.
2958 3386 3033 3448 22

813 3486 1042 3572 orsu.)
1066 3505 1084 3546 ε
1112 3509 1142 3539 ιι
1173 3478 1399 3544 Italico
1423 3479 1591 3543 bello
1618 3491 1838 3542 exorto
1865 3498 2007 3541 eum
2050 3480 2131 3542 ob
2174 3480 2360 3544 sociis
2400 3494 2688 3561 negatam
2717 3479 3033 3545 civitatem

812 3588 1116 3652 nobilitas
1135 3585 1203 3646 in
1233 3580 1473 3644 invidia
1495 3593 1679 3657 esset,
1735 3582 1821 3665 Q.
1848 3577 2077 3644 Varius
2101 3580 2253 3644 trib.
2279 3582 2366 3665 pl.
2394 3583 2595 3663 legem
2625 3583 2767 3646 tulit
2791 3596 2861 3646 ut
2880 3604 3034 3666 quoe·

813 3703 1064 3754 reretur
1104 3687 1183 3748 de
1225 3681 1324 3759 iis,
1359 3701 1623 3765 quorum
1659 3701 1854 3766 opera
1893 3680 2233 3747 consiliove
2273 3680 2429 3746 socii
2473 3698 2700 3749 contra
2742 3686 3030 3768 populum

812 3789 1162 3852 Romanum
1210 3801 1384 3846 arma
1432 3781 1861 3863 sumpsissent.
1910 3781 2069 3844 Tum
2114 3783 2196 3865 Q.
2226 3779 2465 3866 Cupio,
2517 3794 2699 3845 vetus
2744 3778 3032 3847 inimicus

812 3885 1069 3959 Scauri,
1107 3900 1367 3964 sperans
1395 3875 1714 3943 invenisse
1751 3899 1818 3940 se
1855 3878 2248 3941 occasionem
2268 3880 2661 3962 opprimendi
2690 3877 2849 3962 ejus,
2882 3882 3026 3961 egit,

813 3997 884 4045 ut
904 3985 987 4067 Q.
1004 3979 1234 4045 Varius
1262 3977 1414 4040 trib.
1440 3977 1529 4059 pl.
1557 3974 1707 4037 belli
1728 3972 2029 4037 concitati
2052 3974 2318 4038 crimine
2341 3978 2553 4039 adesse
2574 3976 2739 4059 apud
2759 3996 2829 4039 se
2846 3977 3030 4041 Scau-

815 4100 955 4141 rum
986 4076 1237 4162 juberet
1266 4095 1430 4137 anno
1451 4072 1709 4137 LXXII.
1746 4073 1861 4134 Ille
1890 4090 2005 4152 per
2029 4072 2339 4136 viatorem
2366 4075 2719 4149 arcessitus,
2741 4095 2883 4137 cum
2902 4073 3033 4155 jam

817 4196 895 4236 ex
923 4173 1149 4238 morbo
1178 4172 1341 4234 male
1368 4169 1742 4245 solveretur,
1776 4168 2272 4232 dissuadentibus
2300 4167 2543 4243 amicis,
2582 4191 2666 4234 ne
2708 4192 2778 4234 se
2819 4170 2883 4233 iu
2918 4168 3029 4232 illa

815 4272 1170 4334 valetudine
1192 4285 1256 4331 et
1275 4280 1456 4330 aetate
1485 4267 1739 4332 invidiae
1760 4265 1973 4351 populi
2000 4265 2372 4348 objiceret,
2356 4269 2604 4334 mnixus
2634 4268 3027 4334 nobilissimis
