3367 5417
1821 399 1897 472 14

848 538 949 599 10.
999 539 1225 600 Mansit
1242 539 1433 619 igitur
1464 537 1532 600 in
1560 537 1862 620 plurimis,
1899 553 2031 618 quae
2052 534 2274 610 fuerat,
2307 534 2637 616 disciplina
2670 531 2964 614 juventu-

756 633 860 696 tis.
895 637 991 697 Ad
1009 653 1187 698 senes
1205 637 1661 716 honoratosque
1680 636 1904 697 deduci
1922 645 1988 695 et
2012 633 2234 694 horum
2258 633 2328 694 in
2349 632 2498 693 sinu·
2513 632 2797 704 educari,¹
2817 650 2963 713 pru-

755 733 989 794 dentes·
1004 734 1085 796 de
1103 733 1247 816 jure
1272 734 1723 816 respondentes
1752 732 1968 794 audire
2008 727 2125 814 (ad
2143 730 2306 811 quod
2333 729 2580 812 penitus
2605 728 2960 811 perdiscen-

755 832 898 892 dum
922 831 1147 894 Cicero
1170 853 1208 894 a
1235 833 1320 914 Q.
1351 830 1543 892 Mucii
1567 832 1767 892 latere
1788 850 1912 892 non
1944 828 2295 904 discessit),
2331 826 2400 887 in
2427 826 2590 899 foro,
2613 826 2685 886 in
2710 824 2970 906 judici&

754 950 893 992 cum
914 931 1037 992 illis
1056 933 1292 1005 adesse,
1322 950 1558 993 morem
1581 929 1875 1001 civitatis,
1901 930 2187 990 instituta
2213 925 2424 1009 populi
2443 937 2512 988 et
2537 926 2703 1004 leges
2720 939 2960 992 senatu·

752 1027 1031 1110 riamq‘ue
1055 1049 1171 1091 usu
1186 1025 1481 1110 'accipere
1512 1026 1909 1110 prudentiam
1925 1074 1943 1101 ,
1970 1025 2101 1086 haec
2125 1023 2240 1085 fuit
2266 1023 2600 1085 educandae
2616 1020 2963 1102 juvenmtis

754 1129 939 1189 ratio.
956 1129 1116 1212 Quis
1131 1130 1299 1189 hanc
1318 1126 1791 1212 vituperaverit,
1813 1125 2276 1208 quaeRomanis,
2294 1122 2504 1186 addito
2524 1120 2880 1184 militiaeusu
2895 1133 2966 1184 et

758 1226 985 1286 ducum
1016 1224 1467 1301 contuberniis,
1504 1226 1837 1307 imperium
1851 1222 2025 1285 orbis
2052 1219 2342 1306 peperit?
2363 1218 2612 1305 Quippe
2627 1239 2960 1300 numquam

754 1325 901 1386 inde
930 1323 1256 1388 deficiebat
1292 1344 1659 1404 magnorum
1705 1324 1984 1385 virorum
2029 1339 2307 1404 propago
2327 1367 2344 1398 ‚
2403 1319 2543 1382 aliis
2585 1319 2653 1380 in
2695 1319 2962 1381 alierum

754 1427 959 1489 vicem
986 1427 1480 1489 succedentibus.
1519 1430 1651 1489 Mos
1674 1426 1782 1489 ille
1801 1424 2096 1506 juvenum
2112 1425 2191 1486 ad
2218 1434 2532 1506 spectatos
2544 1421 2879 1503 prudentia
2895 1436 2965 1484 et

751 1528 1073 1589 honestate
1092 1527 1261 1590 viros
1289 1528 1633 1590 deducendi
1663 1528 1742 1588 ad
1771 1524 2093 1589 Ciceronis
2121 1543 2312 1605 usque
2339 1522 2559 1586 florem
2587 1523 2956 1603 permansit,

753 1636 821 1683 ut
841 1624 963 1684 alio
990 1622 1129 1685 loco
1168 1623 1717 1686 demonstrabitur.
1752 1623 1949 1685 Nemo
1993 1633 2200 1684 autem
2239 1619 2424 1700 hujus
2451 1618 2647 1679 aetatis
2679 1630 2742 1680 et
2771 1618 2972 1680 moris

749 1722 1146 1783 sanctitatem
1166 1766 1182 1795 ,
1232 1722 1615 1804 juvenesque
1651 1721 1895 1783 nobiles
1935 1739 2012 1782 ex
2047 1722 2188 1781 sinu
2223 1729 2555 1801 parentum
2599 1728 2664 1778 et
2697 1716 2964 1779 clarissi-

751 1839 992 1881 morum
1046 1818 1366 1881 hominum
1415 1819 1714 1901 exemplis
1772 1820 1852 1880 ad
1894 1837 1997 1880 res
2045 1819 2214 1880 domi
2261 1816 2616 1897 militiasque
2657 1817 2964 1895 gerendas

750 1934 1103 1998 progressos
1130 1936 1271 1977 cum
1295 1915 1573 1977 Pliniani
1604 1911 1902 1995 temporis
1931 1913 2192 1978 lascivia
2228 1912 2646 1995 comparando
2673 1913 2966 1995 eloquen-

749 2011 873 2088 tius
909 2012 1259 2094 deploravit
1291 2030 1474 2092 quam
1502 2011 1680 2072 aurei
1708 2011 1808 2071 De
1836 2010 2188 2072 oratoribus
2215 2010 2445 2089 dialogi
2489 2020 2710 2073 auctor
2733 2028 2795 2070 c.
2843 2010 2962 2084 28,

759 2110 837 2171 33
864 2130 1000 2192 sqq.
1045 2112 1137 2172 Ita
1165 2111 1417 2183 factum,
1453 2119 1524 2168 ut
1545 2107 1697 2169 felix
1716 2118 2035 2169 oratorum
2059 2125 2336 2191 propago
2353 2118 2800 2179 succresceret,
2839 2126 2968 2169 nou

752 2208 1081 2296 lenociniis
1108 2208 1480 2282 fucatorum,
1510 2208 1621 2269 sed
1642 2207 2014 2291 dignitatem
2038 2208 2290 2288 generis
2311 2207 2442 2269 vita
2468 2227 2578 2270 sua
2618 2220 2685 2269 et
2705 2225 2966 2268 munere

757 2309 1148 2389 aequantium.
1195 2309 1423 2372 Literis
1461 2308 1627 2372 enim
1667 2308 1964 2391 plurimos
1995 2328 2119 2371 non
2161 2310 2393 2393 optime
2419 2309 2603 2370 fuisse
2644 2307 2921 2371 eruditos
2939 2354 2960 2380 ,

747 2406 882 2489 jam
922 2408 1073 2470 inde
1102 2408 1445 2487 colligitur,
1482 2407 1645 2489 quod
1670 2407 1927 2469 maximi
1959 2408 2227 2471 nominis
2271 2425 2638 2489 summaeque
2668 2406 2966 2489 potentioe

748 2508 1030 2570 homines
1056 2507 1145 2569 M.
1187 2509 1456 2592 Lepidus
1491 2509 1763 2571 Porcina
1790 2557 1807 2585 ,
1860 2509 1936 2572 C.
1974 2509 2260 2592 Papirius
2291 2510 2532 2586 Carbo,
2575 2512 2716 2574 Ser.
2762 2509 2964 2591 Sulpi·

747 2607 1113 2671 cius'Galba
1143 2629 1222 2669 ne
1265 2606 1426 2689 juris
1470 2608 1715 2689 quidem
1735 2655 1755 2681 ‚
1799 2620 1869 2668 ut
1899 2608 2048 2671 alias
2087 2620 2255 2671 artes
2293 2622 2572 2683 taceam,
2609 2608 2798 2691 periti
2840 2619 2962 2670 tra·

743 2708 977 2767 duntur
1018 2706 1194 2788 (Cic.
1232 2707 1329 2767 De
1366 2720 1526 2769 orat.
1582 2709 1634 2778 1,
1689 2706 1825 2790 10).
1858 2708 2071 2788 Neque
2110 2708 2400 2771 Crassum
2435 2723 2813 2788 magnopere
2857 2704 2960 2766 flo-

743 2802 941 2864 ruisse
980 2801 1184 2866 literis
1200 2849 1222 2876 ‚
1264 2806 1591 2885 aequalium
1642 2819 1934 2869 constans
1992 2805 2203 2887 opinio
2247 2818 2392 2867 erat
2420 2853 2437 2881 ,
2498 2804 2964 2885 Antoniumque

739 2921 988 2984 prorsus
1031 2905 1259 2983 ἄμουσον
1295 2903 1712 2965 existimatum
1752 2902 1935 2964 fuisse
1977 2923 2056 2964 ex
2089 2903 2397 2966 Cicerone
2432 2904 2528 2965 De
2556 2916 2719 2965 orat.
2759 2904 2850 2978 11,
2897 2903 2955 2978 1,

739 3002 999 3084 aliisque
1035 3002 1189 3064 locis
1224 3016 1499 3078 constat,
1529 3005 1633 3085 qui
1660 3005 1728 3065 in
1764 3002 2116 3066 refellendis
2145 3004 2474 3066 sententiis
2499 3004 2799 3087 ejusmodi
2835 3005 2966 3065 sru-

703 3109 710 3119 '
744 3112 879 3162 stra
906 3100 1132 3163 multus
1148 3113 1266 3163 est.

828 3203 932 3262 11.
979 3205 1315 3282 Ing-ruente
1342 3215 1479 3283 post
1506 3201 1949 3281 Carthaginem
1971 3213 2037 3264 et
2061 3203 2377 3266 Graeciam
2397 3221 2682 3265 eversam
2701 3221 2968 3266 morum-

738 3301 904 3377 labe‚
937 3301 1493 3384 quaestionibusque
1522 3302 1841 3382 perpetuis
1875 3303 2178 3364 institutis
2204 3302 2405 3386 major
2429 3304 2582 3366 iude
2603 3303 2960 3367 oratoribus

739 3406 1031 3468 materies
1053 3403 1390 3466 succrevit.
1417 3401 1707 3464 Notabile
1735 3403 1803 3463 in
1825 3404 2043 3484 primis
2067 3407 2229 3485 quod
2257 3406 2495 3468 fervida
2517 3407 2782 3490 juventa
2813 3408 2956 3468 ado·

738 3501 1136 3579 lescentibus„
1178 3513 1247 3562 ut
1286 3499 1603 3582 improbos
1642 3515 2186 3584 persequerentur,
2222 3504 2399 3584 quasi
2423 3505 2680 3567 solenne
2721 3521 2952 3564 munus

740 3599 953 3662 fuerit.
978 3603 1119 3662 Non
1149 3613 1357 3662 tamen
1387 3619 1465 3660 ex
1492 3597 1800 3663 Cicerone
1826 3599 1972 3661 Div.
2008 3599 2075 3662 in
2113 3601 2324 3665 Caecil.
2374 3623 2432 3664 c.
2463 3603 2538 3663 21
2569 3601 2713 3663 coll.
2750 3601 2945 3663 Verr.

746 3699 866 3772 lv,
900 3698 958 3766 1,
995 3697 1058 3769 2,
1075 3700 1239 3760 unde
1258 3718 1364 3761 sua
1380 3699 1585 3759 hausit
1604 3701 2000 3775 Plutarchus,
2028 3699 2149 3762 hoc
2176 3701 2267 3763 ita
2293 3701 2743 3784 accipiendum,
2773 3700 2954 3780 quasi

744 3793 1064 3856 insolitum
1092 3791 1300 3865 suerit,
1332 3795 1612 3857 homines
1636 3795 1978 3856 honoribus
1994 3796 2250 3859 idoneos
2273 3798 2375 3859 vel
2401 3813 2614 3859 eorum
2643 3785 2960 3879 compotes

753 3894 832 3954 ad
854 3889 1267 3952 accusandum
1297 3892 1695 3954 descendere.
1721 3892 1968 3975 Quippe
1997 3891 2304 3956 ambitiosi
2336 3893 2661 3959 Ciceronis
2695 3894 2959 3975 aequales

752 3987 911 4050 etin
945 3984 1166 4068 primis
1211 3985 1343 4067 ipse
1380 3987 1625 4065 Cicero,
1660 3986 2164 4052 miserationibus
2191 3993 2482 4055 oratoriis
2521 3992 2853 4056 veritatem
2893 4005 2961 4054 et

756 4085 1142 4147 honestatem
1168 4083 1390 4166 saepius
1414 4099 1785 4168 postponere
1809 4085 2045 4161 solitus,
2076 4088 2238 4151 hanc
2269 4088 2388 4151 sibi
2430 4089 2749 4153 finxerunt
2777 4107 2962 4169 regu-

756 4187 903 4267 lam,
934 4201 1006 4249 ut
1032 4206 1211 4268 quam
1254 4187 1552 4269 plurimos
1598 4188 1982 4252 defendendo
2021 4191 2288 4271 gratiam
2318 4191 2482 4270 vulgi
2522 4205 2586 4254 et
2614 4193 2959 4275 potentium
