3367 5417
1393 451 1533 522 345

352 594 529 657 dicas
555 591 940 664 inimicitias,
973 602 1042 651 ut
1079 589 1313 671 judicio
1344 588 1540 673 jurati
1577 599 1832 652 senatus
1859 588 2111 651 Cretam
2139 603 2553 666 amoveretur,

355 690 675 762 effecerat,
726 702 913 770 atque
953 687 1086 751 illic
1125 688 1337 752 eadem
1376 685 1696 756 actitando
1735 687 2014 750 recentia
2049 698 2385 772 veteraque
2422 690 2566 753 odia

361 789 661 866 advertit,
688 788 991 870 bonisque
1017 801 1238 852 exutus
1265 788 1603 852 interdieta
1629 784 1762 867 igni
1792 800 1979 870 atque
2014 808 2177 869 aqua
2213 809 2362 853 saxo
2396 787 2566 855 Seri·

357 889 505 973 phio
529 886 879 950 consenuit.

443 987 745 1052 Eusebius
767 984 1138 1051 chronicis:
1166 986 1414 1052 Cassius
1428 987 1699 1051 Severus
1715 997 1931 1050 orator
1951 988 2238 1066 egregius
2253 986 2427 1051 XXV
2442 987 2573 1052 exi-

359 1086 431 1149 lii
450 1086 546 1146 sui
568 1103 735 1147 auno
759 1101 998 1146 summa
1025 1084 1238 1167 inopia
1257 1083 1550 1157 moritur,
1567 1077 1674 1144 vix
1695 1100 1907 1164 panno
1923 1084 2201 1146 verenda
2218 1095 2569 1159 contectus,

363 1207 531 1252 anno
551 1180 806 1250 Domini
833 1184 914 1248 34
937 1181 1008 1268 (i.
1035 1204 1094 1247 e.
1121 1204 1289 1248 anno
1310 1185 1504 1252 Urbis
1524 1183 1696 1269 786).

451 1286 653 1350 Tacit.
692 1288 855 1348 Anu.
896 1288 952 1358 1,
987 1286 1107 1349 ‘122
1138 1283 1390 1349 Primus
1419 1289 1727 1367 Augustus
1753 1285 2172 1366 cognitionem
2213 1287 2291 1349 de
2322 1286 2577 1350 famosis

368 1382 596 1445 libellis
654 1382 859 1465 specie
914 1377 1071 1460 legis
1125 1380 1258 1463 ejus
1315 1382 1616 1446 tractavit
1638 1429 1655 1454 ‚
1711 1392 2054 1446 commotus
2100 1380 2303 1445 Cassii
2353 1383 2578 1447 Severi

366 1477 633 1542 libidine
649 1527 666 1555 ,
706 1479 811 1560 qui
843 1479 1013 1540 viros
1043 1477 1435 1561 feminasque
1468 1480 1742 1543 illustres
1773 1478 2146 1561 procacibus
2178 1477 2432 1563 scriptis
2460 1478 2582 1545 dis·

367 1580 733 1643 famaverat.

457 1680 631 1743 Suet.
655 1679 858 1759 Calig.
886 1698 946 1740 c.
980 1679 1095 1741 163
1140 1677 1219 1739 T.
1250 1679 1532 1755 Labieni,
1562 1680 1750 1740 Cordi
1771 1680 2099 1752 Cremutii,
2130 1679 2338 1743 Cassii
2369 1681 2585 1743 Severi

373 1781 609 1862 scripta
632 1790 883 1842 senatus
913 1777 1210 1840 consultis
1238 1777 1468 1841 abolita
1496 1780 1735 1861 requiri
1760 1794 1827 1843 et
1850 1797 1985 1842 esse
2009 1776 2081 1841 in
2104 1777 2396 1843 manibus
2413 1780 2587 1848 lecti·

381 1881 631 1961 tal-ique
657 1878 962 1960 permisit.
2116 1877 2123 1884 “

466 1974 764 2043 Horatius
802 1976 872 2038 in
913 1976 1111 2058 Epod.
1130 1978 1221 2040 VI
1250 1977 1553 2041 describit
1594 1979 1831 2042 acriter
1868 1979 2075 2041 Cassia·
2115 1997 2341 2043 mores.
2376 1974 2587 2071 [cone.

381 2077 673 2141 schottus
697 2076 796 2147 De,
823 2075 1012 2136 claris
1041 2074 1203 2155 apud
1225 2072 1530 2139 Senecam
1557 2076 1751 2140 rhett.
1779 2097 1843 2159 p.
1865 2076 1946 2138 10
1963 2095 2100 2157 sqq.
2135 2071 2517 2166 Wesoerm]

473 2477 787 2544 Priscian.
809 2481 989 2556 vlu,
1015 2479 1082 2556 4,
1108 2502 1174 2564 p.
1200 2481 1363 2546 3683
1391 2479 1671 2546 Cassius:
1699 2481 2066 2567 Adulaetqne
2085 2497 2260 2542 emm
2277 2482 2362 2542 ab
2383 2489 2601 2546 mets

388 2594 449 2641 et
473 2576 818 2638 adhortati.-
847 2578 1106 2650 adulati,
1136 2590 1516 2653 κολακωθίντις,
1542 2577 1855 2638 adhortati
1855 2625 1877 2652 ,
1906 2593 2278 2662 προτραπέντας.

475 2672 746 2758 Quintil.
789 2671 908 2747 X,
938 2674 1013 2746 1,
1062 2673 1190 2735 22:
1246 2673 1407 2735 lllud
1450 2667 1886 2749 utilissimum'‚
1941 2674 2182 2755 quoties
2232 2677 2561 2758 continget
2581 2727 2598 2754 ,

390 2773 703 2852 utrimque
750 2768 995 2832 habitas
1038 2768 1247 2848 legere
1295 2765 1614 2841 actiones,
1661 2782 1731 2832 ut
1773 2769 2087 2831 Pollionis
2132 2784 2198 2833 et
2239 2773 2448 2835 Οωείἰ
2495 2795 2607 2836 reo

397 2872 768 2950 Asprenate.

483 2987 651 3050 Pliu.
679 2987 759 3048 H.
787 2987 863 3048 N.
891 2985 1149 3062 XXXV,
1181 2985 1299 3049 123
1332 2988 1670 3069 Asprenati
1700 3005 1812 3049 reo
1835 2985 2083 3050 Cassius
2120 2987 2391 3054 Severus
2425 3011 2609 3056 accu-

397 3096 566 3150 sator
595 3083 957 3167 objiciebat,
1016 3081 1304 3146 interisse
1350 3103 1595 3147 veneno
1619 3082 1884 3164 triginta
1910 3099 1976 3152 et
2001 3098 2255 3151 centum
2283 3091 2616 3156 convivas:

476 3245 791 3319 Asprenati]
821 3246 964 3300 conf.
985 3243 1245 3299 Pollionis
1269 3245 1561 3300 orationem
1587 3265 1686 3319 pro
1705 3250 2020 3320 Asprenate,
2046 3268 2103 3322 p.
2130 3251 2237 3307 212
2253 3271 2334 3324 sq.
2343 3269 2361 3318 ,·
2378 3267 2434 3308 et
2459 3256 2611 3310 Suet.

545 3333 732 3386 octav.
753 3352 801 3386 c.
822 3333 910 3387 56.

491 3483 762 3567 Quintil.
786 3485 900 3562 xl,
934 3485 992 3557 1,
1022 3487 1136 3548 573
1173 3489 1442 3568 Ideoque
1471 3487 1622 3550 mihi
1649 3488 1803 3554 illud
1831 3488 2035 3555 Cassii
2060 3492 2282 3557 Severi
2319 3514 2451 3560 non
2490 3516 2617 3560 me·

410 3580 711 3644 diocriter
755 3579 1092 3665 displicet:
1145 3584 1250 3643 Dii
1291 3583 1475 3658 bont,
1523 3589 1696 3660 vivo,
1743 3601 1807 3646 et
1851 3610 1973 3673 quo
2022 3610 2125 3650 me
2165 3595 2370 3652 vivere
2402 3590 2616 3677 juvet,

416 3679 832 3759 Asprenatem
881 3700 1056 3740 reum
1108 3679 1291 3739 video
1311 3677 1340 3738 .'
1397 3680 1539 3742 Non
1586 3683 1758 3744 enim
1793 3681 1962 3766 justa
2007 3705 2083 3747 ex
2127 3706 2315 3751 causa
2362 3690 2465 3753 vel
2514 3711 2622 3754 ne·
2673 3685 2821 3766 228

416 3772 689 3839 cessaria
723 3773 926 3838 videri
975 3789 1180 3858 potest
1228 3774 1573 3857 postulasse
1612 3797 1754 3839 eum
1775 3823 1793 3853 ,
1839 3781 1949 3841 sed
1986 3782 2249 3862 quadam
2294 3786 2626 3852 accusandi

417 3874 760 3957 voluptate.
2266 3923 2273 3930 ·
2300 3931 2305 3936 .

507 3971 602 4032 ld.
627 3973 738 4047 vl,
780 3971 842 4048 3,
869 3972 986 4034 783
1019 3968 1365 4035 Transtulit
1402 3972 1645 4035 crimen
1672 3975 1920 4039 Cassius
1950 3977 2237 4042 Severus.
2291 3982 2448 4044 Nam
2488 4004 2629 4054 cum

422 4071 865 4156 objurgaretur
894 4093 932 4135 a
965 4083 1236 4154 praetore
1249 4112 1269 4143 ,
1312 4072 1475 4151 quod
1517 4073 1803 4137 advocati
1833 4077 1965 4159 ejus
1992 4079 2067 4140 L.
2094 4081 2265 4140 Varo
2288 4059 2624 4161 Eptcmo',

426 4168 686 4232 Caesaris
702 4166 928 4245 amico,
949 4169 1304 4232 convicium
1321 4169 1650 4231 fecissentt
1673 4169 1917 4247 Nescio,
1938 4170 2174 4255 inquit,
2200 4180 2307 4259 qu·
2323 4185 2637 4243 conviciati

431 4270 576 4342 sint,
597 4281 663 4325 et
673 4281 819 4347 puto
840 4266 1085 4328 Stoicos
1089 4265 1324 4345 finisse.

2206 4397 2273 4449 44
