3367 5417
576 1573 717 1649 240

1852 480 1991 551 358
2072 459 2083 472 ’

769 616 1118 688 sublevare,
1166 613 1442 696 equestri
1486 633 1728 696 quoque
1768 612 1988 675 ordine
2032 613 2111 673 ad
2153 609 2524 676 audiendum
2570 613 2837 675 invitato
2865 634 2982 696 per

770 715 993 776 edicta.
1026 746 1110 758 -
1154 715 1244 780 Ut
1268 712 1572 793 Caligula,
1613 713 1706 776 sic
1743 710 1989 774 Cestius
2025 710 2418 774 orationibus
2446 723 2735 773 veterum
2763 712 2984 774 rescri-

770 814 919 896 psit,
960 832 1093 893 qum
1136 811 1217 874 ab
1256 810 1393 894 ejus
1434 812 1853 883 auditoribus,
1896 829 2159 891 quorum
2204 830 2385 873 aures
2423 810 2553 872 illis
2594 808 2981 894 temporibus

770 925 954 972 erant
1012 923 1358 993 corruptas,
1423 910 1662 992 majore
1732 909 1951 992 plausu
1995 908 2366 988 legebantur
2414 927 2604 990 qnam
2660 908 2987 972 Ciceronis

769 1007 1108 1070 orationes.

850 1107 1027 1172 Suet.
1048 1106 1248 1187 Calig.
1281 1128 1341 1169 c.
1369 1106 1487 1170 20.
1472 1127 1489 1143 ·
1537 1104 1749 1169 Edidit
1784 1102 2063 1185 Caligula
2107 1119 2428 1170 certamen
2466 1123 2711 1188 quoqne
2746 1109 2990 1173 Groecoe

770 1203 1130 1287 Latinasque
1169 1205 1494 1281 facundiae,
1543 1225 1662 1286 quo
1705 1204 2053 1269 certamine
2094 1202 2307 1266 l'erunt
2343 1201 2693 1272 victoribus
2729 1207 2990 1287 praemia

770 1302 967 1365 victos
994 1301 1361 1375 contulisse,
1391 1305 1750 1366 eorumdem
1789 1315 1855 1364 et
1890 1302 2106 1364 laudes
2141 1320 2516 1383 componere
2543 1314 2824 1366 coactos.
2870 1305 2991 1365 Eos

772 1393 1009 1475 autem,
1043 1403 1150 1486 qui
1179 1402 1447 1467 maxime
1473 1402 1963 1487 displicuissent,
1997 1402 2234 1485 scripta
2265 1423 2375 1465 sua
2402 1400 2669 1515 spongia
2696 1406 2990 1485 ling-nave

773 1500 1030 1565 delere
1006 1521 1210 1584 jussos
1237 1502 1360 1564 nisi
1394 1499 1612 1563 ferulis
1651 1502 1978 1585 objurgari
2020 1514 2126 1562 aut
2168 1499 2420 1563 flumine
2461 1501 2747 1583 proximo
2787 1502 2989 1585 mergi

773 1599 1152 1662 maluissent.
1180 1635 1263 1649 -—-
1305 1601 1613 1663 Domitius
1642 1601 1820 1674 Afer,
1847 1612 2062 1664 orator
2090 1598 2556 1674 celeberrimus,
2587 1595 2784 1662 vitam
2818 1622 2988 1664 suam

773 1702 940 1763 nulla
969 1702 1090 1763 alia
1120 1723 1192 1765 re
1220 1721 1477 1765 servare
1498 1703 1703 1785 potuit
1726 1704 1848 1765 nisi
1878 1722 2061 1783 quam
2087 1699 2308 1763 habuit
2336 1701 2639 1765 adversus
2665 1722 2733 1765 se
2755 1702 2989 1767 oratio·

776 1820 921 1865 nem
947 1801 1227 1884 Caligula
1253 1823 1488 1866 summe
1528 1801 1920 1879 admirando,
1948 1815 2019 1864 nt
2047 1799 2168 1865 Dio
2195 1802 2369 1865 Cass.
2403 1816 2624 1866 narrat
2658 1805 2830 1878 le,
2880 1808 2981 1870 19.

774 1895 993 1961 Simile
1023 1900 1308 1982 quiddam
1334 1901 1590 1965 Senecae
1618 1897 1875 1971 accidit,
1908 1912 1979 1962 ut
2004 1897 2235 1962 ibidem
2262 1897 2547 1980 legimus.

857 2002 1057 2066 Tacit.
1098 2006 1270 2065 Anu.
1310 2004 1446 2079 XV,
1491 2004 1567 2067 32
1613 2000 1818 2066 Etiam
1845 2002 1919 2067 C.
1944 2000 2213 2064 Coesaris
2252 2002 2506 2064 turbata
2532 2022 2712 2066 mens
2738 2003 2869 2067 vim
2894 2003 2989 2067 di·

775 2099 960 2159 cendi
985 2119 1112 2161 nou
1141 2097 1447 2183 corrupit.

860 2196 1083 2259 Dionis
1112 2200 1406 2279 Excerpt.
1439 2194 1644 2260 Vatic.
1690 2219 1754 2278 p.
1795 2197 1959 2259 5342
1991 2211 2174 2284 Ἔργον
2199 2214 2336 2285 μέγα
2359 2212 2392 2269 ἢ
2418 2210 2586 2276 ewa·
2564 2229 2710 2262 ιοιον
2686 2208 2823 2263 οὐδὲν
2850 2214 2986 2283 αὐτῷ

774 2292 1317 2366 (Γαΐῳ)πιπραγαίνωι
1323 2294 1524 2346 ’ναῖτιο
1551 2290 2364 2366 δᾷἧνὴπιριτὰάχριῖασπου
2337 2293 2450 2352 usa.
2485 2291 2982 2366 Ρηι-ωρδῆνιίρι

773 2406 880 2446 στος
907 2385 992 2440 καὶ
1019 2389 1215 2461 γλώσσῃ
1236 2395 1296 2458 τῇ
1324 2387 1521 2442 Ἑλλάδι
1506 2388 1624 2448 tiata
1641 2396 1704 2459 τῇ
1724 2388 2097 2462 ‘Pugna-immt-
2099 2392 2240 2464 pinpo
2209 2391 2399 2464 σφόδρα.
2421 2394 2696 2464 ἠσκημένος·

854 2488 1030 2552 Suet.
1060 2489 1258 2571 Calig.
1284 2510 1342 2552 c.
1375 2490 1451 2553 10
1471 2513 1488 2553 2
1512 2493 1591 2553 ln
1611 2491 1804 2554 Liviae
1825 2495 2116 2573 Augustae
2139 2496 2413 2576 proaviae
2433 2515 2559 2557 suae
2576 2494 2987 2558 contubernio

773 2590 1028 2667 mansit,
1064 2611 1247 2673 quam
1270 2590 1625 2664 defunctam
1655 2607 2054 2677 praetextatus
2082 2596 2274 2660 etiam
2303 2611 2432 2659 tum
2463 2616 2579 2679 pro
2606 2596 2825 2659 rostris
2852 2597 2985 2660 lau-

669 2735 670 2738 η
773 2688 965 2750 davit.
992 2687 1171 2752 Cons.
1197 2710 1255 2751 c.
1278 2690 1387 2754 23.
1420 2727 1494 2739 -
1540 2692 1746 2763 Etiam
1769 2691 2092 2760 Tiberium
2115 2712 2232 2774 pro
2259 2694 2562 2759 concione
2587 2694 2888 2766 laudavit,
2919 2707 2991 2760 ut

773 2783 937 2854 idem
964 2806 1102 2867 cap.
1134 2786 1209 2848 15
1236 2784 1417 2854 dicit.

1147 3094 1341 3165 (3111.
1398 3061 1775 3168 C.'vibius
1805 3094 2121 3193 Crispus
2156 3099 2584 3172 Passienus.

853 3395 1022 3463 Nihil
1051 3396 1276 3470 habeo,
1300 3395 1463 3476 quod
1487 3396 1718 3456 addere
1745 3395 1971 3476 possim
1997 3395 2265 3475 eleganti
2296 3398 2374 3459 de
2400 3397 2520 3461 boc
2541 3409 2796 3461 oratore
2820 3416 2984 3460 com·

769 3498 1137 3563 mentationi
1157 3492 1508 3579 Spaldingii
1533 3496 1612 3556 ad
1630 3491 1900 3577 Quintil.
1920 3496 2030 3568 vl,
2066 3497 2124 3569 1,
2158 3497 2261 3557 50.

849 3599 1092 3662 Seneca
1110 3593 1514 3662 controv-11,
1538 3592 1642 3671 13,
1666 3612 1733 3675 p.
1757 3590 1879 3653 204
1903 3614 1919 3652 e
1944 3592 2296 3669 Passienus,
2322 3590 2427 3654 vir
2444 3591 2985 3675 eloquentissimus

767 3707 833 3756 et
851 3692 1151 3775 temporis
1170 3688 1268 3753 sui
1290 3687 1529 3773 primus
1549 3703 1785 3752 orator.

850 3793 1119 3879 Quintil.
1142 3794 1253 3867 vt,
1287 3791 1347 3865 1,
1376 3794 1496 3854 5οι
1528 3791 1688 3854 Sunt
1718 3802 1784 3853 et
1809 3786 1905 3852 illi
1935 3786 2209 3854 leniores
2233 3790 2490 3872 epilogi,
2516 3791 2741 3873 quibus
2766 3791 2986 3854 adver·

767 3898 935 3959 sario
960 3893 1398 3968 satisfacimus,
1428 3893 1671 3956 sisorte
1700 3889 1784 3954 sit
1807 3892 1940 3975 ejus
1966 3910 2231 3973 persona
2260 3890 2426 3968 talis,
2463 3905 2533 3953 ut
2560 3890 2654 3955 illi
2685 3891 2989 3955 debeatur

768 3995 1158 4067 reverentia,
1189 4006 1299 4055 aut
1321 4011 1464 4055 cum
1496 3989 1697 4054 amice
1725 3985 1962 4070 aliquid
1991 4007 2450 4052 commonemus
2468 4037 2485 4066 ,
2521 4001 2585 4053 et
2612 3992 2691 4053 ad
2721 4010 2985 4053 concor·

769 4095 934 4157 diam
961 4096 1310 4170 hortamur,
1346 4094 1506 4176 quod
1548 4103 1645 4154 est
1680 4111 1877 4173 genus
1917 4085 2168 4169 egregie
2210 4103 2547 4154 tractatum
2589 4111 2626 4153 a
2654 4087 2979 4165 Passieno,

772 4218 912 4262 cum
940 4199 1228 4260 Domitiae
1251 4197 1468 4259 uxoris
1493 4214 1618 4259 suae
1646 4194 2014 4277 pecuniaria
2054 4192 2164 4256 lite
2206 4195 2499 4256 adversus
2540 4193 2803 4255 fratrem
2848 4191 2980 4275 ejus

770 4294 1213 4360 Aenobarbum
1244 4305 1495 4373 ageret:
1536 4311 1679 4355 nam
1710 4313 1853 4355 cnm
1880 4292 1960 4354 de
1987 4289 2442 4357 necessitudine
2471 4290 2665 4357 multa
2697 4287 2975 4362 dixisset,
