3367 5417
618 2194 711 2264 22

1786 458 1912 531 124

847 600 1059 663 Festus
1097 621 1111 660 :
1152 602 1422 678 Apicium
1471 600 1758 678 antiquos
1797 591 2063 684 di[xisse
2104 597 2239 658 siue
2279 590 2566 684 praeposi]
2580 596 2748 657 tione
2778 590 2959 660 testis

755 709 851 758 cst
887 697 1040 758 Cato
1084 692 1151 756 in
1190 715 1287 768 ea,
1322 714 1503 775 quam
1542 688 1786 780 [habuit
1814 705 2033 757 contra
2054 693 2384 755 Thermum
2412 689 2517 780 de]
2552 704 2787 774 septem
2808 694 2949 777 (leg.

751 797 988 878 decem)
1016 793 1405 857 hominibus:
1442 794 1522 854 Ue
1550 794 1744 854 solent
1779 787 2030 880 [evitare
2049 790 2378 882 ·son]ivios,
2420 797 2547 852 nisi
2586 798 2695 877 qui
2731 799 2958 872 sempi-

755 899 911 954 terni
931 909 1094 966 sunt,
1134 888 1311 981 [quos
1338 894 1486 954 dum
1514 885 1724 981 occur]
1735 907 1873 952 rant
1881 937 1904 966 ,
1943 911 2057 950 nec
2087 894 2356 969 spiciunt
2378 910 2571 974 neque
2595 905 2760 952 ratos
2794 883 2963 979 [esse

758 990 1012 1083 voltum]

825 1126 1060 1194 sonivios]
1086 1126 1186 1179 hoc
1223 1144 1305 1178 me
1338 1145 1447 1179 non
1482 1125 1787 1199 intelligere
1818 1126 2004 1180 fateor.
2046 1126 2185 1179 Nota
2226 1137 2356 1178 sunt
2391 1124 2594 1178 sonivia
2629 1125 2868 1196 auspicia
2902 1138 2957 1177 et

901 1212 1166 1263 sonivium
1193 1209 1506 1283 tripudium.

841 1335 1091 1396 Festus=
1128 1361 1158 1392 α
1180 1335 1520 1411 obstinato,
1553 1333 1870 1397 infirmato
1891 1333 2087 1411 (obs),
2123 1331 2582 1416 perseveranti,
2629 1343 2700 1392 ut
2742 1345 2962 1395 tenere

756 1438 978 1518 possit.
1010 1436 1167 1500 Cato
1195 1436 1259 1497 in
1292 1438 1372 1518 Q.
1400 1435 1735 1498 Thermum
1779 1436 1854 1496 de
1895 1436 2108 1496 decem
2149 1432 2505 1496 hominibus
2533 1453 2551 1492 ε
2586 1431 2959 1506 Humorem,

739 1534 1001 1612 famam
1000 1531 1203 1614 flocci
1211 1533 1379 1614 fecit
1396 1545 1632 1611 ,captus
1645 1535 1890 1610 stupris,
1907 1529 2241 1591 obstinatus
2259 1528 2597 1609 insignibus
2596 1526 2900 1609 flagitiis.
2928 1555 2958 1587 ι

756 1629 918 1692 Cod.
951 1631 1179 1692 habet:
1227 1631 1555 1689 Rumorcm
1585 1631 1774 1709 suma
1795 1625 1998 1709 flocci
2025 1629 2189 1708 jecit
2233 1631 2469 1705 capitas
2519 1622 2642 1707 (al.
2688 1626 2958 1706 cupitus)

755 1730 1008 1803 stupris,
1035 1725 1366 1786 obstinatus
1398 1725 1742 1805 insignibus
1740 1723 2042 1805 flagitiis.
2077 1721 2361 1803 Scaliger
2386 1723 2709 1784 emendat:
2741 1723 2963 1783 Rumo-

756 1821 1579 1906 oem,fizmumfloccifizcit,
1600 1823 1990 1884 intercutibus
2020 1826 2243 1901 stupris
2261 1820 2620 1893 obstinatus,
2636 1820 2965 1899 insignibus

755 1924 1007 1998 probris
1010 1919 1360 2002 flagitatus.
1411 1922 1503 1982 Ex
1529 1918 1882 1995 Prisciano,
1914 1919 2160 2002 opinor,
2197 1919 2358 1981 hanc
2386 1912 2645 1999 sumpsit
2678 1917 2967 1979 emenda·

758 2020 1015 2090 tionem,
1052 2019 1156 2099 qui
1177 2020 1287 2092 Vl,
1321 2019 1420 2093 16,
1454 2038 1519 2098 p.
1548 2018 1696 2093 279,
1725 2038 1762 2080 e
1781 2017 2020 2103 Catone
2043 2018 2255 2079 laudat
2275 2041 2294 2076 ε
2325 2014 2705 2075 iuter-cutibus
2738 2020 2968 2093 stupris

761 2119 1116 2188 obstinatus,
1138 2135 1254 2197 pro
1280 2111 1618 2177 intestinis.
1652 2117 1824 2178 Idem
1849 2114 2129 2199 Scaliger
2158 2116 2236 2175 ad
2258 2116 2509 2177 Festum
2536 2132 2601 2195 p.
2630 2112 2759 2177 299·
2771 2113 2925 2175 dicit
2943 2134 2965 2174 ε

763 2240 794 2272 ι
822 2214 1168 2292 Flagitium
1197 2215 1357 2295 apud
1384 2224 1632 2274 veteres
1658 2210 2050 2291 significabat
2073 2212 2410 2273 infamiam.
2446 2211 2639 2275 Cato=
2669 2214 2970 2271 itaeranti-

764 2316 873 2374 bus
900 2307 1475 2390 stuprisflagitaeus,
1500 2330 1615 2392 pro
1639 2308 1954 2373 intestinis
1974 2311 2220 2394 probris
2246 2310 2599 2373 infamatus.
2627 2336 2661 2368 ι

848 2411 1081 2471 Festa«
1100 2403 1508 2494 [Mula-'fircera‘
1526 2407 1766 2489 antiqui
1784 2408 2078 2470 dicebant
2095 2403 2281 2495 sicut]
2308 2407 2662 2487 magniface
2672 2402 2792 2495 [re3
2819 2408 2968 2471 inem

764 2523 831 2574 et
856 2506 1279 2593 parvifacere.
1314 2510 1515 2572 Testis
1542 2522 1636 2571 est
1663 2512 1747 2572 Μ.
1774 2505 1960 2600 cato]
1997 2511 2065 2571 in
2095 2531 2193 2583 ea,
2226 2530 2409 2591 quam
2441 2504 2721 2597 [scripsit
2751 2521 2975 2572 contra

764 2610 845 2693 Q.
891 2609 1231 2672 Minucium
1281 2609 1614 2671 Thermum
1656 2604 1762 2697 de]
1801 2610 2015 2672 decem
2057 2609 2443 2671 hominibus.
2480 2602 2709 2695 [Neque
2724 2608 2970 2690 fidem,

765 2731 956 2795 neque
960 2705 1423 2798 Juslurandum]
1438 2754 1455 2785 ,
1474 2730 1665 2794 neque
1680 2702 2087 2796 pud[icitiam
2109 2709 2441 2790 multifacit
2462 2715 2519 2770 is
2525 2702 2608 2798 .]»
2623 2704 2731 2772 Sic
2749 2704 2974 2790 scripsi

766 2830 882 2893 pro
904 2802 1309 2889 ηἰιιὶιιζίᾶεἰιίε,
1332 2811 1494 2890 quod
1523 2809 1872 2873 Dacerius
1853 2831 1921 2872 m
1951 2812 2229 2873 adnotat.
2262 2811 2474 2871 habet.
2501 2812 2766 2889 Vulgata
2793 2808 2972 2871 omit·

766 2909 846 2970 tit
872 2913 948 2968 is.
992 2903 1214 2995 [Recte
1240 2908 1503 2987 factum3
1539 2929 1686 2971 nam
1731 2908 1956 2972 Paulus
1982 2908 2208 2969 habet:
2258 2907 2462 2993 Neque
2486 2910 2733 2991 fidem,
2785 2927 2974 2994 neque

754 3001 1227 3090 jusjurandum,
1271 3026 1462 3090 neque
1495 3008 1861 3086 pudicitiam
1902 2999 2285 3091 multifizcic]
2332 3005 2660 3087 Coujungo
2699 3006 2976 3087 superius

767 3103 1221 3183 fragmentum:
1257 3104 1613 3175 Rumor-em,
1629 3103 1890 3183 fhmam
1891 3100 2094 3182 flocci
2099 3104 2303 3184 facit,
2337 3102 2723 3162 intercutibus
2750 3106 2975 3182 stupris

768 3204 1132 3277 obstinatus,
1166 3204 1506 3283 insignibus
1528 3203 1772 3280 probris
1772 3200 2120 3282 flagitatus,
2144 3222 2335 3287 neque
2340 3203 2547 3285 fidem
2577 3198 2973 3288 nequcjusju·

769 3305 1028 3365 randum
1053 3325 1243 3387 neque
1262 3305 1620 3381 pudicitiam
1651 3303 2002 3382 multifacit.

856 3402 1067 3462 Fest.:
1103 3394 1488 3487 [nequinates
1516 3398 1668 3462 dicti
1706 3395 1877 3486 sunt]
1910 3403 2252 3463 Narnensis
2279 3397 2419 3485 [qui
2460 3421 2498 3461 e
2545 3402 2827 3482 Nequino
2872 3421 2976 3482 op-

771 3497 916 3580 pido
944 3496 1161 3578 ejectis
1188 3492 1464 3586 colo]nis
1500 3491 1855 3580 veteri[bus
1881 3493 1972 3557 ibi
2003 3498 2381 3562 habitarunt.
2417 3498 2573 3562 Cato
2615 3497 2682 3560 in
2723 3520 2799 3561 ea
2839 3494 2968 3583 ad-]

774 3615 995 3658 versus
1020 3616 1066 3658 x
1093 3597 1238 3658 hom
1245 3639 1376 3659 .....

845 3732 1193 3800 *Nar-nensis]
1221 3734 1297 3786 sic
1323 3734 1440 3788 cod.
1463 3734 1665 3788 Paulus
1682 3736 2016 3792 Narnienses.

861 3855 1100 3919 Nonius
1141 3879 1203 3940 p.
1245 3860 1350 3933 63,
1392 3862 1512 3924 25:
1545 3887 1575 3916 α
1606 3861 1947 3921 Molem-ina
1995 3885 2033 3924 a
2078 3859 2389 3934 molendo,
2439 3861 2602 3943 quod
2644 3859 2977 3942 pistrinum

778 3951 1060 4016 dicimus.
1110 3956 1264 4019 Cato
1306 3959 1373 4020 in
1410 3958 1747 4045 Thermpm
1766 3979 1786 4019 ε
1821 3958 2040 4037 Nervo,
2072 3981 2347 4031 carcere,
2391 3960 2739 4020 mole-trina.
2760 3986 2790 4018 ι
2832 3961 2981 4042 Quae

773 4048 924 4115 huic
952 4052 1222 4115 orationi
1242 4053 1374 4135 jam
1399 4057 1634 4138 Popma
1661 4055 1996 4117 immiscuit
2024 4056 2239 4119 verba.
2278 4057 2502 4119 Nervus
2520 4056 2839 4119 vinculum
2860 4056 2978 4117 fer·

779 4165 978 4226 reum,
1007 4171 1128 4233 quo
1155 4154 1343 4234 pedes
1363 4153 1462 4215 vel
1491 4153 1771 4216 cervices
1794 4150 2231 4234 impediuntur.
2263 4156 2723 4238 supplendum:
2757 4154 2979 4225 Nerva,

785 4265 1049 4323 carcere,
1083 4252 1405 4310 moletre'na
1434 4251 1653 4314 abusus
1679 4267 1769 4312 est
1801 4249 2122 4313 Thermus.
