3367 5417
1437 465 1527 535 95

387 607 500 670 est,
526 610 648 674 quo
676 592 937 659 Actiaca
965 593 1232 661 victoria
1259 597 1514 679 longum
1542 600 1622 663 de
1653 598 1831 662 orbis
1854 596 2118 680 imperio
2151 607 2472 658 certamen
2497 596 2588 657 di·

387 705 697 776 remptum
736 692 853 755 suit
891 692 976 778 (a.
1017 695 1195 781 722.)
1227 698 1666 777 Abrogaverat
1702 697 1871 761 enim
1899 692 2178 766 Antonio
2204 694 2591 756 consulatum

385 806 662 868 senatus,
720 812 863 855 cum
909 792 1140 857 bellum
1185 797 1559 872 exoriretur,
1612 811 1701 859 et.
1726 794 1793 859 in
1843 796 1976 880 ejus
2025 796 2228 858 locum
2268 794 2464 856 sactus
2500 804 2595 855 est

385 890 670 953 Messala.
701 890 778 954 V.
807 890 1072 957 Dionem
1102 894 1175 970 L,
1201 895 1302 956 10.
1340 898 1489 960 Post
1515 915 1788 977 pugnam
1809 894 2137 958 Actiacam
2164 893 2232 956 in
2251 891 2501 977 Syriam
2531 904 2597 953 et

386 990 714 1073 AEgyptum
749 987 1002 1070 missus,
1049 996 1130 1058 ad
1168 1016 1352 1077 quam
1389 993 1957 1080 peregrinationem
1986 1006 2232 1078 spectat
2264 992 2464 1072 elegia
2498 991 2596 1054 Ti·

387 1090 566 1169 bulli,
594 1112 727 1174 quae
749 1092 898 1157 libri
926 1093 1118 1178 primi
1142 1098 1331 1160 tertia
1353 1111 1472 1172 est,
1500 1099 1647 1180 quid
1668 1097 1760 1161 ibi
1789 1097 2033 1171 fecerit,
2058 1097 2178 1160 Dio
2198 1097 2306 1170 L1,
2336 1096 2397 1170 7,
2420 1112 2596 1158 enar·

383 1187 582 1289 ravit.
628 1190 931 1273 injuriam
959 1205 1168 1257 autem
1195 1193 1528 1277 Burignius
1558 1192 1735 1269 facit,
1774 1192 1882 1277 qui
1917 1190 2371 1274 gladiatoribus
2405 1196 2596 1255 Anto·

392 1292 597 1357 uianis
606 1290 789 1358 fidem
801 1315 931 1359 uon
941 1310 1281 1374 servatam,
1298 1300 1407 1362 sed
1425 1297 1835 1382 interemptos
1855 1317 1894 1360 a
1909 1297 2168 1360 Moesala
2187 1314 2401 1359 omnes
2417 1293 2595 1357 dicit.

395 1396 479 1455 At
505 1394 626 1455 hoc
653 1414 782 1456 nou
810 1408 905 1458 est
930 1399 1091 1480 apud
1121 1398 1410 1463 Dionem.
1457 1399 1705 1461 Deinde
1728 1397 2199 1461 Narbonensem
2224 1395 2497 1461 Galliam
2535 1407 2603 1455 et

395 1487 799 1571 Aquitaniam
821 1491 1214 1574 provinciam
1239 1491 1483 1564 habuit,
1509 1506 1572 1558 et
1599 1514 1676 1557 ex
1698 1493 2148 1557 rebellantibus
2163 1493 2367 1558 Gallis
2387 1492 2602 1554 trium·

393 1589 615 1673 phavit
635 1612 696 1654 a.
711 1592 859 1655 726.
889 1592 1048 1659 Vide
1065 1595 1338 1678 Appian.
1364 1596 1441 1656 B.
1465 1592 1607 1656 civ.
1632 1596 1745 1665 IV,
1773 1594 1878 1655 10.
1911 1594 2055 1655 Huc
2066 1604 2352 1675 spectant
2367 1589 2605 1655 Tibulli

397 1689 613 1769 elegite
641 1690 696 1765 1,
721 1691 794 1765 73
827 1691 914 1765 ΙΙ,
944 1693 1003 1750 l.
1051 1693 1145 1753 Ex
1168 1692 1377 1774 praeda
1397 1688 1649 1754 Gallica
1676 1692 1845 1753 viam
1873 1689 1953 1753 ab
1982 1691 2136 1752 urbe
2160 1710 2276 1772 per
2296 1690 2606 1752 Albanum

398 1791 935 1873 Tusculanumque
960 1812 1179 1873 agrum
1199 1793 1470 1865 (luxisse,
1514 1812 1704 1872 quam
1740 1791 2001 1855 fortasse
2017 1789 2332 1855 Valeriam
2358 1786 2614 1853 vocavit

399 1888 475 1950 P.
493 1886 740 1965 Victor,
764 1910 844 1952 ex
872 1891 1090 1953 eodem
1108 1890 1355 1957 Tibullo
1374 1888 1688 1954 discimus.
1721 1891 1846 1954 Sed
1868 1889 2251 1973 triumphum
2276 1891 2352 1951 de
2368 1885 2614 1951 Parthi-

396 1991 496 2051 nis
522 2001 909 2071 reportasse,
958 2003 1030 2052 ut
1068 1993 1205 2055 vult
1241 1988 1709 2057 Wernsdorfius
1753 1992 1834 2052 ad
1879 1991 2056 2054 Poet.
2103 1992 2242 2052 Lat.
2287 1989 2439 2050 min.
2482 1990 2576 2049 111
2588 2033 2614 2065 ,

395 2110 461 2173 p.
491 2084 636 2162 118,
672 2086 896 2167 quibus
921 2089 1309 2169 argumentis
1333 2087 1497 2154 effici
1524 2087 1738 2171 possit,
1772 2105 1899 2150 non
1927 2107 2080 2149 sane
2101 2083 2306 2149 video.
2340 2087 2499 2149 Nam
2521 2084 2612 2147 ibi

399 2206 481 2251 ne
509 2184 803 2250 militavit
829 2187 1101 2268 quidem,
1135 2200 1201 2250 et
1227 2199 1372 2251 nota
1403 2200 1499 2250 est
1525 2207 1602 2250 ea
1628 2187 1763 2249 laus
1788 2184 1997 2248 Asinii
2024 2184 2343 2248 Pollionis.
2375 2185 2485 2250 Sic
2512 2205 2614 2248 re·

399 2286 519 2350 bus
553 2285 704 2349 foris
744 2282 994 2366 egregie
1031 2285 1255 2366 gestis,
1303 2285 1564 2349 Messala
1606 2281 1851 2366 quietus
1890 2296 1956 2346 et
1992 2283 2060 2345 iu
2099 2280 2352 2365 optimis
2390 2281 2612 2346 studiis

399 2396 682 2449 versatus
722 2384 894 2445 domi
935 2383 1308 2457 consenuit3
1360 2383 1637 2463 Augusto
1676 2384 1733 2446 si
1774 2400 1901 2446 nou
1938 2381 2323 2462 gratissimus
2361 2383 2609 2464 (quippe

395 2484 585 2547 liberi
612 2482 868 2566 spiritus
895 2482 1226 2569 retinens),
1259 2497 1346 2546 ·at
1379 2481 1916 2545 honorafflsimus.
1965 2483 2187 2544 Lectm
2224 2483 2393 2546 enim
2434 2494 2530 2544 est
2571 2503 2610 2546 a

399 2593 656 2657 senatu,
701 2581 809 2663 qui
837 2583 1178 2660 Augustum
1213 2592 1458 2663 patrem
1499 2579 1723 2662 patriae
1763 2579 2188 2643 consalutaret
2213 2578 2410 2663 (Suet.
2447 2584 2605 2660 Aug.

404 2699 463 2742 c.
493 2677 618 2762 58).
669 2679 937 2762 Quando
963 2676 1029 2740 id
1054 2675 1286 2740 factum
1311 2675 1424 2751 sit,
1469 2693 1602 2739 non
1629 2688 1878 2739 constat
1903 2676 2073 2738 inter
2093 2677 2331 2738 doctos.
2381 2676 2611 2740 Casan·

404 2774 611 2838 bonus
636 2775 888 2855 quidem
914 2771 1154 2853 lapides
1177 2772 1462 2855 protulit,
1482 2771 1705 2853 quibus
1732 2772 2095 2835 undecimus
2110 2771 2368 2835 Caesaris
2393 2791 2614 2834 consu·

409 2873 593 2946 latus,
630 2890 799 2934 anno
821 2869 946 2932 730
975 2881 1204 2950 gestus,
1240 2870 1628 2949 designatur.
1677 2871 1763 2932 At
1797 2868 1897 2930 his
1928 2869 2061 2951 ipse
2093 2889 2314 2951 parum
2350 2869 2575 2932 tribuit
2592 2920 2611 2946 ‚

407 2990 550 3034 cum
578 2967 718 3031 aliis
747 2967 1061 3032 consulem
1082 2967 1410 3029 Messalam
1440 2987 1499 3030 a.
1529 2968 1651 3029 757
1676 2965 1785 3028 illo
1813 2984 2073 3028 munere
2099 2965 2381 3029 functum
2406 2967 2617 3030 existi·

406 3090 607 3137 mans.
627 3070 751 3134 &d
766 3070 935 3131 hunc
952 3067 1277 3131 Messalam
1297 3086 1426 3130 nou
1446 3086 1578 3130 eme
1598 3066 1968 3139 Corvinum,
1985 3067 2094 3128 sed
2114 3065 2377 3130 Corvini
2394 3065 2613 3139 filium,

400 3168 534 3252 jam
571 3170 722 3233 inde
756 3179 1051 3231 constare
1091 3165 1311 3240 debet,
1350 3165 1516 3248 quod
1551 3162 1972 3246 Scaligeranae
2011 3165 2287 3228 rationes
2326 3163 2501 3227 illum
2544 3183 2621 3227 eo

411 3283 692 3353 tempore
710 3267 842 3350 jam
868 3267 1244 3330 exstinctum
1271 3278 1563 3347 arguunt.
1593 3267 1809 3348 Neque
1838 3264 2020 3328 video
2050 3284 2167 3328 cur
2194 3264 2409 3329 consul
2434 3261 2624 3346 potis·

410 3369 632 3433 simum
680 3365 774 3431 ini
818 3367 1073 3452 negotio
1121 3364 1356 3450 proefici
1400 3365 1711 3430 debuerit.
1763 3365 2207 3447 Dignissimum
2253 3363 2505 3448 quippe,
2559 3376 2626 3427 et

410 3456 662 3531 senatus
689 3467 950 3532 fortasse
978 3467 1330 3551 principem
1351 3466 1501 3547 eligi
1528 3466 1881 3550 oportebat.
1915 3467 2025 3530 Sic
2053 3461 2478 3530 monumentis
2498 3462 2625 3527 illis

412 3570 595 3633 fidem
624 3567 1044 3647 derogandam
1071 3587 1201 3630 non
1229 3567 1607 3632 censuerim.
1639 3568 1738 3630 De
1768 3569 2020 3631 consule
2049 3569 2239 3633 eredo
2265 3566 2452 3628 etiam
2474 3566 2626 3630 Sue·

408 3668 652 3731 tonium
681 3664 1029 3728 relaturum
1055 3662 1260 3726 fuisse.
1297 3664 1742 3727 Praefecturam
1768 3663 1964 3730 Urbis
1986 3683 2218 3748 paucos
2236 3664 2372 3726 dies
2388 3677 2624 3743 gestam

416 3762 719 3846 deposuit,
753 3760 930 3844 quasi
959 3756 1210 3827 nescius
1234 3759 1594 3831 exercendi,
1625 3778 1759 3841 quae
1782 3773 1929 3824 sunt
1948 3759 2149 3824 Taciti
2175 3760 2369 3824 verba
2390 3762 2621 3827 Annal.

419 3861 529 3935 Vl,
559 3860 662 3935 11,
692 3858 840 3922 coll.
859 3859 977 3935 xl,
1005 3856 1069 3931 6,
1096 3870 1205 3927 aut
1225 3877 1451 3941 parum
1476 3855 1728 3921 civilem
1755 3876 1895 3921 eam
1915 3870 2285 3941 potestatem
2306 3856 2621 3941 judicans,

319 3954 334 3963 ⁴
419 3961 585 4044 quod
608 3960 988 4043 antiquiores
1014 3974 1305 4024 auctores
1330 3971 1577 4022 secutus
1601 3958 1903 4023 Eusebius
1935 3955 2209 4042 prodidit
2231 3961 2311 4022 ad
2340 3979 2399 4021 a.
2432 3960 2619 4025 1991.

415 4064 551 4126 Hoc
570 4061 780 4125 verius
801 4073 919 4124 est.
948 4062 1161 4144 Quare
1185 4062 1308 4125 Dio
1333 4062 1740 4125 Maecenatem
1763 4062 2034 4144 primum
2055 4061 2248 4130 Urbis
2269 4062 2625 4144 praefectum

414 4160 644 4244 prodit,
670 4157 944 4221 Messalae
977 4154 1085 4220 hic
1119 4158 1251 4221 illic
1290 4155 1589 4241 iniquior,
1618 4171 1691 4222 ut
1718 4156 2009 4224 omnibus
2033 4158 2341 4224 libertatis
2363 4179 2441 4224 eo
2468 4173 2624 4224 tem-

419 4277 568 4342 pore
595 4257 867 4337 nondum
888 4254 1071 4319 obliti
1091 4255 1478 4350 viderentur.
