3367 5417
1422 470 1566 543 305

1053 695 1345 780 vau.
1402 701 1486 772 c.
1542 669 1931 770 Antonius.

478 877 558 944 C.
591 879 900 946 Antonius
924 880 1250 947 Ciceronis
1272 880 1389 942 fuit
1415 879 1652 959 collega
1677 879 1746 941 in
1783 877 2103 943 consulatu
2132 896 2191 938 a.
2223 868 2370 939 690.
2478 861 2489 873 ⁴

487 973 800 1042 Asconius
820 980 902 1041 ad
922 979 1059 1046 Cic.
1104 980 1285 1048 Orat.
1316 981 1386 1044 in
1416 989 1562 1058 toga
1603 977 1869 1041 candida
1898 989 2122 1042 contra
2147 974 2224 1040 C.
2257 973 2600 1040 Antonium

398 1087 469 1137 et
493 1078 567 1138 L.
591 1075 928 1140 Catilinam
949 1099 1014 1160 p.
1050 1078 1128 1143 95
1158 1075 1257 1138 cd.
1290 1074 1489 1141 Orelli
1511 1095 1530 1136 ε
1565 1076 1729 1137 Huic
1747 1074 2021 1137 orationi
2047 1069 2373 1137 Ciceronis
2392 1082 2459 1132 ct
2483 1070 2600 1131 Ca·

404 1171 588 1236 tilina
615 1187 682 1236 et
704 1177 1010 1239 Antonius
1034 1174 1477 1237 contumeliose
1503 1174 1960 1256 responderunt
1980 1193 1998 1247 3
2031 1171 2193 1254 quod
2217 1169 2414 1232 solum
2432 1177 2602 1251 pote·

401 1282 572 1350 rant,
604 1271 842 1335 invecti
876 1273 944 1336 in
984 1272 1326 1336 novitatem
1351 1271 1505 1353 ejus.
1551 1272 1869 1332 Feruntur
1892 1287 2123 1355 quoque
2149 1271 2455 1329 orationes
2497 1284 2605 1325 no-

404 1373 571 1429 mino
593 1369 840 1432 illorum
867 1373 1077 1445 θᾰίιιε,
1108 1391 1230 1431 non
1250 1369 1330 1429 ab
1350 1373 1502 1458 ipsis
1524 1384 1797 1447 scraptoe,
1831 1369 1941 1429 sed
1966 1368 2049 1427 ab
2079 1366 2384 1428 Ciceronis
2414 1363 2610 1426 obere-

406 1465 759 1541 emtoribus,
791 1486 941 1549 quas
963 1466 1177 1530 ucscio
1203 1488 1285 1527 an
1320 1465 1513 1528 satius
1532 1466 1626 1548 sit,
1634 1466 1950 1546 ignorare.

467 1586 701 1640 oracioni
712 1585 1002 1656 Ciceronis]
1039 1601 1197 1658 quam
1228 1604 1281 1639 a.
1315 1587 1419 1640 690
1444 1585 1636 1639 habuit
1663 1584 1917 1639 adversus
1941 1585 2314 1656 competitores
2328 1579 2457 1636 illos
2478 1599 2609 1634 con-

547 1673 776 1728 sulatus.

489 1793 600 1854 Est
627 1791 822 1871 igitur
839 1790 1186 1873 probabile,
1226 1791 1432 1855 locum
1466 1809 1543 1852 ex
1585 1786 1873 1851 oratione
1900 1787 2160 1850 Antonii
2189 1800 2415 1851 contra
2431 1787 2608 1853 Cico-
2666 1785 2804 1859 188

406 1908 625 1951 ronem
649 1900 982 1971 sumptum,
1010 1884 1120 1970 qui
1151 1908 1190 1951 a
1212 1888 1605 1973 Quintiliano
1629 1885 1746 1961 IX,
1781 1885 1843 1959 3,
1874 1883 1980 1956 94,
2011 1884 2325 1960 laudatur,
2364 1898 2608 1970 partem

404 2009 543 2053 esse
559 1987 724 2051 fictoe
737 1989 904 2052 illius
921 1986 1182 2054 Antonii
1202 1986 1527 2053 orationis.
1554 1988 1694 2072 Qua
1711 1990 1788 2050 de
1809 2007 1883 2050 re
1903 1986 2169 2062 erudite,
2192 2000 2260 2049 at
2277 1987 2611 2069 malignius

411 2090 480 2152 in
498 2088 957 2172 Quintilianum
986 2089 1320 2172 disputavit
1345 2088 1686 2168 Madvigius
1711 2089 1807 2150 De
1836 2085 2103 2149 Asconio
2129 2105 2195 2167 p.
2224 2087 2303 2149 75
2316 2132 2331 2148 .

492 2186 692 2248 labens
733 2186 1110 2271 Quintiliani
1152 2186 1259 2248 hic
1293 2197 1389 2248 est
1415 2205 1432 2245 2
1463 2192 1827 2269 Προσαπόδοσιν
1863 2183 2039 2259 dicit,
2089 2201 2227 2265 qum
2253 2197 2321 2246 ut
2343 2185 2613 2250 maxime

405 2297 692 2349 servetur
737 2305 890 2349 sane
936 2287 1006 2350 in
1052 2283 1357 2368 pluribus.
1383 2284 1737 2368 propositis,
1788 2283 1933 2365 quia
1975 2295 2083 2345 aut
2114 2279 2374 2364 singulis
2397 2284 2613 2347 statim

405 2387 572 2450 ratio
606 2384 1003 2470 subjiciatur,
1036 2399 1109 2449 ut
1136 2399 1234 2450 cst
1260 2387 1424 2470 apud
1453 2384 1530 2452 C.
1573 2386 1916 2448 Antonium
1942 2410 1962 2444 e
1991 2384 2121 2445 Sed
2141 2404 2335 2480 nequo
2358 2404 2611 2448 accusas

406 2500 600 2546 torem
638 2504 782 2546 eam
818 2488 1180 2569 metuo,qu
1219 2506 1357 2545 sum
1407 2488 1744 2562 innooens;
1784 2485 2467 2566 naqueeompeu’tomm
2508 2502 2616 2557 ως

406 2604 574 2659 mor,
592 2589 860 2669 quisunt
891 2585 1198 2645 Antonius
1212 2608 1246 2658 ;
1273 2603 1472 2668 neque
1493 2582 1817 2644 consulem
1844 2600 2049 2660 spero,
2088 2586 2198 2664 qui
2229 2598 2323 2642 ese
2367 2582 2607 2644 Cicero.

914 2758 1252 2830 vam.
1307 2758 1390 2828 L.
1447 2705 1736 2852 Sergios
1779 2719 2136 2831 Catilina.

496 2933 841 3000 Ferebatur
874 2929 987 2998 sub
1021 2935 1157 3020 ejus
1179 2934 1430 2998 nomine
1472 2935 1674 2999 oratio
1703 2936 1994 2997 adversus
2013 2925 2384 3000 Ciceronem
2415 2925 2610 3013 dicta,

415 3035 591 3119 cujus
618 3048 1048 3116 argumentum
1084 3031 1153 3098 in
1195 3021 1518 3119 superiore
1564 3046 1817 3098 oratore
1862 3035 2289 3098 tractavimus.
2349 3027 2616 3122 [nenena

415 3132 565 3196 tiori
589 3153 719 3195 aevo
759 3129 919 3194 fictae
953 3145 1098 3196 sunt
1137 3134 1272 3195 duoe
1307 3137 1686 3211 responsiva»
1734 3136 2055 3192 invectivae
2110 3135 2174 3190 in
2209 3131 2613 3208 Ciceronem,

419 3255 553 3316 quoe
578 3232 650 3296 iu
688 3233 967 3297 Sallustii
994 3236 1096 3297 ed.
1133 3235 1521 3298 Ascenciana
1560 3234 1757 3313 Lugd.
1792 3234 1976 3309 1519,
2003 3233 2040 3294 4
2061 3280 2084 3307 ,
2124 3247 2373 3297 exstare
2403 3232 2620 3298 dicun·

421 3345 547 3395 tur.
582 3331 864 3394 Alteram
883 3329 1096 3395 Const.
1131 3328 1401 3394 Felicius
1419 3331 1767 3394 Durantius
1786 3350 1910 3393 suae
1936 3331 2012 3392 de
2040 3330 2471 3414 conjuratione
2506 3332 2621 3398 Ca·

421 3430 693 3493 tilinaria
721 3429 1072 3494 narrationi
1110 3432 1395 3507 inseruit,
1432 3453 1495 3515 p.
1536 3431 1727 3497 93-97
1771 3433 1839 3493 in
1879 3430 2165 3494 Sallustio
2201 3430 2538 3513 Cortiano3
2585 3454 2623 3497 e

423 3531 562 3593 cod.
616 3549 755 3592 saec.
806 3521 922 3593 XV
958 3529 1154 3598 edidit
1195 3532 1573 3613 Schoettgen.
1618 3531 1932 3595 Analectt.
1992 3551 2072 3594 ex
2099 3533 2267 3594 omni
2298 3530 2626 3597 meliorum

413 3626 548 3698 ·litt.
589 3647 819 3707 genere
850 3625 1043 3711 (Lips.
1079 3626 1262 3712 1725)
1307 3628 1431 3692 vol.
1474 3631 1563 3701 11,
1597 3649 1660 3711 p.
1695 3628 1943 3690 441-52.
1979 3623 2156 3690 Cous.
2189 3627 2261 3689 F.
2314 3629 2391 3690 A.
2427 3621 2620 3693 Wolf.

424 3726 506 3787 ad
532 3721 667 3788 Cic.
694 3724 875 3790 Orat.
906 3744 1023 3808 pro
1046 3726 1342 3791 Marcello
1370 3747 1431 3810 p.
1467 3724 1670 3788 XXX.
1714 3718 2097 3812 Westerm]

679 3905 912 3979 LXIX
962 3924 1036 3979 et
1090 3907 1314 3979 LXX.
1370 3904 1673 3992 Metelli,
1743 3903 1952 3980 Celer
2000 3919 2069 3976 et
2118 3907 2379 4003 NepoS.

525 4081 659 4145 Cic.
708 4085 880 4144 Brut.
915 4104 975 4147 c.
1019 4083 1145 4160 70.
1173 4085 1294 4147 217
1331 4078 1358 4146 ἐ
1393 4081 1533 4148 Duo
1560 4084 1790 4148 Metelli
1862 4081 2053 4147 Celer'
2089 4096 2156 4146 et
2199 4086 2427 4166 Nepos,
2474 4083 2630 4152 nihil

441 4183 512 4244 in
539 4181 740 4244 causis
767 4183 1022 4257 versati,
1067 4201 1189 4246 nec
1215 4183 1351 4246 sine
1372 4184 1627 4263 ingenio
1648 4203 1768 4246 nec
1790 4183 2047 4259 indocti,
2087 4185 2207 4245 hoc
2231 4194 2418 4246 erant
2440 4203 2628 4269 popu·

444 4279 580 4342 lare
602 4276 850 4342 dicendi
878 4295 1072 4360 genus
1089 4276 1379 4343 aoeecmi.

1033 4405 1048 4412 -
2219 4396 2290 4463 ³9
