3367 5417
1691 524 1760 568 lv

635 639 842 713 modo
887 638 1293 734 vigentque.
1342 636 1632 707 Catonis
1674 637 2028 707 orationes
2069 638 2286 707 virum
2324 635 2661 732 probum,
2703 641 2827 735 ju·-

628 747 1214 861 stum‚'peritum‚
1248 760 1723 860 eloquentem,
1768 761 1890 832 sed
1940 761 2320 857 gloriosum
2358 761 2715 834 hominem
2753 781 2826 836 et

628 890 1048 983 litigatorem
1089 884 1421 980 produnt.
1469 885 1555 953 In
1591 881 1923 955 Graccho
1955 899 2242 955 teneros
2279 908 2514 956 mores
2559 888 2823 983 perspi-

629 1021 770 1092 cies
808 1033 883 1088 et
916 1016 1227 1088 animum
1256 1010 1618 1086 liberalem
1644 1029 1860 1112 atque
1888 1014 2270 1110 ingenuum
2295 1030 2371 1085 et
2406 1013 2823 1111 splendidis-

620 1147 790 1217 sima
834 1140 1266 1238 eloquentiae
1314 1135 1614 1218 lumina,
1664 1141 1982 1237 quamvis
2037 1141 2184 1234 ipse
2230 1136 2440 1211 rebus
2488 1141 2823 1234 gerendis

612 1264 932 1338 civilibus
973 1284 1214 1358 parum
1246 1259 1494 1332 fuisset
1519 1276 1749 1357 aptus.
1797 1262 2092 1332 Romani
2125 1283 2293 1332 vero
2325 1284 2558 1333 mores
2582 1264 2821 1334 severi

619 1407 695 1462 et
754 1384 1033 1460 excelsa
1077 1384 1288 1455 animi
1345 1384 1762 1479 magnitudo
1817 1398 1889 1455 et
1932 1384 2296 1479 ingenium
2347 1385 2827 1482 incorruptum

614 1536 825 1611 quam
875 1510 1171 1581 maxime
1217 1510 1290 1578 in
1338 1508 1681 1605 Scipionis
1738 1524 2084 1605 apparent
2138 1509 2618 1582 oratiunculis.
2672 1512 2822 1582 Nec

617 1643 922 1714 multum
955 1639 1168 1710 distat
1206 1637 1402 1710 Laelii
1441 1638 1692 1724 oratio,
1726 1639 1926 1734 eujus
1958 1638 2210 1733 robigo
2248 1640 2554 1711 nativam
2588 1637 2823 1711 Latini

616 1769 956 1842 sermonis
994 1765 1299 1838 indolem
1338 1780 1411 1836 et
1456 1763 1818 1858 proprium
1860 1763 2128 1836 cultum
2172 1765 2457 1837 indicat.
2505 1765 2609 1837 Ae
2656 1791 2820 1863 pro-

620 1895 804 1965 fecto
844 1907 1055 1963 vetus
1078 1903 1315 1960 'sermo
1362 1881 1657 1980 Latinus
1693 1881 1763 1956 in
1801 1909 1879 1957 se
1909 1885 2129 1958 habet
2159 1888 2397 1958 nescio
2429 1889 2612 1984 quid
2640 1891 2823 1962 inte-

619 2015 915 2114 gritatiS,
960 2011 1152 2109 quod
1182 2011 1487 2082 animum
1517 2007 1730 2082 'allicit
1759 2011 1986 2105 magis
2013 2033 2220 2107 quam
2251 2008 2368 2082 ille
2403 2009 2824 2084 Graecorum

615 2137 969 2212 coloribus
1004 2133 1299 2206 fucatus.
1344 2134 1528 2224 Quid
1558 2153 1730 2227 ergo
1768 2135 2040 2229 gratius
2079 2157 2236 2204 esse
2272 2133 2538 2228 poterit
2566 2134 2821 2206 Roma-

620 2289 863 2336 narum
888 2260 1216 2336 studiosis
1242 2259 1607 2332 literarum
1642 2255 1860 2350 libr02
1893 2261 1965 2330 in
1991 2283 2142 2357 quo
2177 2260 2570 2356 fragmenta
2595 2276 2824 2333 orato-

617 2413 775 2459 rum
824 2385 1138 2482 dispersa
1186 2398 1346 2454 sunt
1392 2380 1741 2454 collecta?
1775 2383 2006 2479 Atque
2039 2380 2217 2453 adeo
2250 2397 2457 2452 aetate
2489 2383 2709 2454 Taciti
2751 2383 2823 2454 id

618 2533 876 2581 munus
916 2531 1287 2603 aggressus
1323 2522 1433 2580 est
1487 2509 1582 2578 M.
1626 2507 1936 2578 Licinius
1963 2508 2265 2579 Crassus
2307 2507 2701 2593 Mucianus,
2747 2524 2825 2578 ut

620 2636 1149 2734 praecipuorum
1186 2651 1645 2710 monumenta
1672 2648 2035 2706 oratorum
2068 2631 2525 2705 contraheret
2555 2649 2630 2705 et
2660 2634 2822 2707 ede-

618 2779 755 2854 ret,
795 2790 883 2837 ne
920 2763 1276 2838 oblivione
1318 2763 1822 2850 obruerentur,
1874 2778 1953 2835 ut
1986 2765 2055 2833 in
2095 2761 2391 2858 Dialogo
2456 2763 2548 2835 de
2584 2779 2818 2835 orato-

618 2886 818 2959 ribus
852 2909 915 2958 e.
955 2888 1043 2959 37
1081 2885 1432 2983 seriptum
1463 2885 1782 2980 legimns.
1822 2886 1924 2955 Ac
1946 2884 2020 2953 ni
2053 2884 2425 2955 Mucianus
2453 2884 2639 2958 hunc
2667 2910 2821 2958 sus-

570 2989 573 2992 *
620 3015 927 3111 cepisset
962 3012 1302 3100 laborem,
1364 3013 1583 3084 multo
1625 3013 1857 3083 minus
1903 3012 2113 3082 etiam
2145 3035 2355 3109 quam
2389 3037 2576 3085 nunc
2606 3010 2822 3084 habe-

618 3160 803 3225 mus,
831 3136 1110 3234 opinor,
1141 3135 1389 3233 reliqui
1409 3134 1856 3206 haberemus.
1883 3133 1987 3204 Ea
2007 3134 2196 3205 enim
2220 3133 2634 3229 fragmenta,
2657 3159 2821 3231 quoe

625 3262 817 3359 apud
852 3259 1187 3345 Gellium,
1236 3263 1688 3346 Frontonem,
1728 3256 2167 3331 Macrobium
2212 3260 2612 3331 etiamnunc
2652 3259 2823 3353 legi-

626 3413 807 3475 mus,
846 3414 932 3460 ex
968 3385 1090 3460 illo
1124 3407 1339 3483 opere
1376 3403 1712 3484 excerpta
1757 3400 1956 3481 puto.
2005 3385 2196 3457 Inter
2237 3386 2676 3458 recentiores
2713 3409 2825 3458 au-

630 3527 773 3584 tem
808 3515 950 3587 duo
997 3514 1159 3600 viri,
1211 3513 1490 3608 ingenio
1539 3529 1613 3586 et
1646 3511 2041 3584 eruditione
2087 3508 2300 3607 longe
2327 3513 2635 3599 maximi,
2676 3510 2821 3584 col-

624 3641 1001 3715 lectionem
1062 3660 1422 3716 oratorum
1484 3645 1951 3741 promiserant
1979 3695 1998 3729 ‚
2061 3666 2194 3714 nec
2253 3657 2486 3715 tamen
2543 3642 2820 3713 solvere

629 3786 787 3843 vota
827 3772 1222 3867 gratissima
1261 3790 1582 3871 potuere.
1632 3773 1914 3844 Justum
1950 3772 2260 3867 Lipsium
2288 3770 2446 3841 dico
2488 3787 2563 3842 et
2604 3772 2822 3842 Fran-

630 3897 890 3967 ciscum
917 3896 1250 3981 Dousam,
1283 3919 1584 3996 quorum
1615 3898 1810 3992 prior
1848 3897 1918 3965 in
1953 3892 2076 3964 lib.
2121 3892 2166 3962 2
2220 3892 2628 3966 Electorum
2663 3917 2817 3993 cap.

643 4020 725 4088 18
763 4020 856 4089 ita
901 4016 1189 4091 scribit:
1238 4047 1271 4084 α
1307 4022 1715 4116 Fragmenta
1768 4016 2190 4112 scriptorum
2234 4032 2560 4088 veterum
2600 4016 2828 4090 adole-

639 4170 842 4217 scens
873 4144 1037 4217 olim
1074 4145 1203 4242 (ut
1244 4145 1508 4219 serebat
1542 4145 1656 4217 illa
1696 4136 1917 4238 aetas)
1973 4167 2130 4216 cum
2166 4146 2426 4242 impetu
2464 4161 2537 4218 et
2582 4143 2828 4216 labore
