3367 5417
1424 458 1565 532 295

974 711 1229 782 LXIV.
1283 711 1369 783 C.
1424 708 1673 784 Julius
1723 711 1988 784 Caesar.

1150 820 1494 921 [Ellendt.
1544 849 1617 922 p.
1652 822 1817 921 90.]

468 1056 604 1119 Cic.
633 1058 809 1118 Brut.
836 1075 896 1118 c.
920 1056 1026 1130 71,
1053 1055 1178 1119 250
1195 1081 1213 1118 ε
1247 1055 1456 1120 Coesar
1477 1053 1658 1118 lectis
1683 1053 1884 1118 utitur
1906 1053 2119 1118 verbis
2145 1067 2209 1115 et
2235 1054 2578 1137 frequenti·

382 1154 516 1228 bus,
536 1165 601 1215 et
621 1154 943 1236 splendore
960 1156 1136 1220 vocis
1149 1167 1214 1217 et
1231 1153 1533 1234 dignitate
1553 1165 1755 1215 motus
1772 1151 1845 1215 fit
1864 1151 2210 1236 speciosum
2234 1166 2298 1215 et
2314 1153 2576 1227 illustre,

383 1254 543 1334 quod
571 1253 835 1329 dicitur;
867 1255 1196 1337 omniaque
1221 1254 1313 1318 sic
1339 1266 1697 1337 suppetunt,
1732 1267 1802 1316 ut
1839 1253 1902 1315 ei
1945 1252 2179 1315 nullam
2210 1254 2422 1315 deesse
2450 1255 2576 1316 vir-

380 1364 574 1414 tutem
594 1352 863 1416 oratoris
879 1351 1285 1435 putem.—C.
1306 1352 1411 1424 74,
1433 1352 1581 1416 2582
1602 1351 1816 1416 Solum
1834 1362 1901 1413 et
1919 1350 2094 1432 quaai
2112 1351 2576 1414 fundamentum

380 1450 652 1512 oratoris
677 1450 745 1513 in
768 1450 1018 1515 Caesare
1040 1451 1234 1526 videa,
1264 1448 1642 1514 locutionem
1668 1451 2063 1513 emendatam
2091 1461 2159 1511 et
2184 1449 2466 1512 latinam.
2493 1485 2575 1497 —-—

378 1546 451 1609 C.
477 1548 582 1619 75,
624 1547 743 1610 261
766 1567 785 1607 z
831 1544 1227 1630 Splendidam
1254 1548 1562 1629 quandam
1590 1543 1965 1628 minimeque
1992 1546 2436 1608 veoeratoriam
2476 1567 2575 1609 ra·

379 1640 611 1707 tionem
639 1643 887 1707 dicendi
917 1655 1111 1720 tenet,
1144 1663 1320 1715 voce,
1354 1655 1547 1717 motu,
1578 1644 1779 1707 forma
1806 1643 1995 1707 etiam
2022 1641 2349 1723 magnilica
2379 1655 2444 1705 et
2470 1663 2570 1724 ge·

379 1761 599 1805 neroea
636 1743 1103 1822 quodammodo.
1149 1741 1488 1806 Orationes
1524 1740 1773 1824 quidem
1807 1739 1948 1824 ‘ejus
1987 1741 2138 1803 mihi
2172 1741 2574 1805 vehementer

376 1840 745 1922 probantur,
776 1843 1123 1925 complures
1149 1854 1355 1905 autem
1380 1841 1525 1920 legi.

460 1940 630 2001 Dial.
652 1941 731 2001 de
750 1950 942 2002 oratt.
969 1958 1028 2002 c.
1054 1940 1130 2002 21
1154 1958 1173 1999 =
1211 1937 1635 2001 Concedamua
1658 1955 1811 1999 sane
1834 1936 1912 2000 C.
1938 1934 2192 2013 Caesari,
2217 1949 2288 1999 nt
2312 1951 2572 2021 propter

372 2033 861 2115 magnitudinem
907 2035 1348 2116 cogitationum
1396 2046 1462 2097 et
1509 2035 1946 2118 occupationes
1994 2054 2206 2098 rerum
2251 2035 2457 2098 minus
2500 2038 2568 2100 in

372 2133 726 2215 eloquentia
762 2132 1064 2207 effecerit,
1096 2153 1280 2215 quam
1323 2129 1603 2195 divinum
1640 2130 1698 2214 ej
1708 2153 1776 2195 us
1813 2131 2132 2213 ingenium
2167 2129 2563 2214 postulabat:

371 2247 499 2297 tam
526 2233 806 2308 hercule,
843 2254 1027 2316 quam
1055 2236 1317 2296 Brutum
1343 2233 1741 2316 philosophia:
1769 2252 1894 2295 suae
1919 2232 2359 2313 relinquamus.
2409 2235 2567 2297 Nam

369 2332 436 2394 in
462 2329 848 2394 orationibus
885 2330 1191 2393 minorem
1226 2350 1361 2394 enee
1396 2331 1560 2394 fama
1600 2348 1714 2393 aua
1754 2329 1943 2394 etiam
1980 2326 2396 2394 admiratores
2432 2329 2567 2413 ejus

366 2430 662 2494 fatentur.

451 2528 718 2612 Quintil.
741 2527 822 2600 X,
852 2527 911 2602 1,
943 2528 1099 2589 114:
1124 2527 1201 2592 C.
1216 2527 1426 2591 emm
1444 2526 1499 2588 ai
1517 2525 1652 2590 foro
1676 2539 1915 2590 tantum
1933 2539 2239 2602 vacasset,
2263 2548 2392 2592 non
2412 2530 2571 2595 alins

366 2645 445 2687 ex
474 2624 702 2688 nostrie
728 2635 950 2686 contra
975 2623 1342 2688 Ciceronem
1373 2621 1827 2688 nominaretur.
1860 2623 2059 2689 Tanta
2102 2626 2170 2688 in
2210 2645 2285 2687 eo
2319 2621 2415 2688 vis
2443 2642 2563 2703 est,

365 2722 433 2784 id
454 2740 740 2796 acumen,
764 2739 837 2781 ea
862 2720 1222 2793 concitatio.
1246 2734 1315 2783 ut
1342 2717 1518 2782 illum
1541 2722 1759 2782 eodem
1783 2721 1991 2784 animo
2017 2722 2266 2799 dixisse,
2291 2743 2412 2805 quo
2437 2725 2564 2787 hel-

364 2820 544 2895 lavit,
584 2829 904 2900 appareat.
928 2818 1212 2880 Exornat
1232 2828 1443 2879 tamen
1459 2818 1593 2880 haec
1618 2818 1831 2882 omnia
1857 2818 2017 2881 mira
2046 2816 2374 2898 sermonis,
2397 2821 2572 2907 cnjus

364 2919 620 3003 proprie
642 2916 953 2980 studim
972 2917 1111 2995 tuit,
1136 2918 1468 2997 elegantia.
2013 2917 2025 2928 '

453 3014 782 3106 Emporias
795 3018 1031 3082 Rhetor
1050 3039 1113 3101 p.
1137 3017 1259 3082 810
1272 3020 1372 3081 ed.
1390 3018 1689 3102 cappam
1715 3017 1813 3081 Ab
1830 3017 2222 3082 institutione
2239 3019 2563 3108 (cesaris),

365 3136 551 3199 quam
603 3111 935 3199 plurimam
978 3115 1045 3178 in
1085 3115 1373 3180 facundia
1420 3127 1485 3178 et
1527 3113 1781 3179 dicendi
1822 3112 2027 3177 studio
2067 3113 2255 3179 fuiaoe
2301 3118 2528 3202 probet
2542 3167 2560 3196 ,

365 3217 633 3301 itemque
661 3214 908 3301 culpabi
916 3231 1040 3292 tur,
1071 3219 1235 3300 quod
1262 3216 1420 3282 adeo
1446 3237 1575 3280 non
1602 3217 1861 3302 adeptus
1884 3213 1967 3279 ait
1994 3216 2255 3281 formam
2280 3222 2569 3284 oratoriae

365 3316 706 3395 facultati,
738 3331 810 3381 ut
844 3338 987 3382 eun
1018 3318 1262 3384 Graeco
1297 3315 1601 3384 orationis
1615 3330 1936 3401 expertem
1964 3315 2150 3383 fuisse
2177 3321 2566 3386 manifestum

362 3416 466 3480 sit.

449 3514 686 3577 Fronto
709 3511 902 3595 Epist.
932 3514 1011 3575 ad
1037 3514 1263 3576 Verum
1284 3514 1439 3596 Imp.
1468 3532 1535 3594 p.
1558 3512 1668 3577 181
1694 3514 1798 3576 ed.
1821 3514 1998 3577 Rom.
2020 3541 2038 3576 ε
2064 3511 2298 3581 Οὲωιατί
2318 3517 2563 3599 quidem

357 3613 718 3690 facultatem
739 3613 990 3678 dicendi
1012 3614 1194 3677 video
1214 3613 1682 3697 imperatoriam
1702 3613 1907 3679 suinae.

769 3828 901 3892 1-3.
945 3848 1280 3892 cainone
1310 3848 1371 3891 nt
1397 3847 1497 3891 cn.
1524 3848 1699 3892 coan-
1724 3849 2147 3894 nouatum.

450 4036 757 4100 Asconius
772 4034 1401 4098 inCic.Scau1-ianam
1424 4053 1486 4118 p.
1507 4034 1747 4098 moed.
1765 4034 1970 4099 Beier.
1984 4039 2070 4120 (p.
2091 4037 2555 4122 26ed.0rell.):

355 4134 460 4195 Ne
481 4131 638 4197 forte
654 4131 880 4196 erretis
906 4144 972 4194 et
996 4132 1278 4194 eumdem
1298 4129 1466 4192 hunc
1487 4130 1608 4193 Cn.
1636 4131 2026 4191 Dolabellam
2048 4130 2281 4215 putetis
2303 4151 2456 4208 eane,
2492 4140 2559 4195 in

353 4254 543 4318 quem
571 4233 642 4295 C.
666 4231 936 4295 Caesare‘s
961 4236 1265 4293 orau'ones
1291 4230 1513 4310 legitis,
1543 4227 1707 4293 scire
1735 4251 1847 4295 vo·
1874 4245 2142 4315 oportet,
2173 4235 2318 4298 duos
2340 4237 2557 4300 eodem
