3367 5417
806 593 963 653 Cato
993 588 1060 651 in
1086 584 1568 673 dissuasionejde
1587 590 2006 652 feneratione.
2042 588 2250 647 Tertio
2274 601 2480 647 autem
2495 591 2729 669 pedato
2750 599 2898 656 item
2918 618 3006 659 επ

785 691 908 769 fhn
914 707 1026 748 ore
1044 685 1358 746 discordia
1374 685 1795 749 excrescebat.

663 810 755 890 60
891 786 1042 868 Quoe
1070 784 1153 845 sit
1178 782 1281 845 lex
1308 780 1502 846 Junia
1528 784 1606 845 de
1625 780 2040 860 feneratione,
2063 802 2191 846 non
2215 792 2486 845 constat.
2516 786 2701 867 Apud
2721 788 3002 867 Pighium

805 898 977 948 certe
1019 898 1086 947 et
1118 883 1417 948 Baebium
1438 880 1663 946 similis
1686 885 1790 946 lex
1809 903 1936 946 non
1957 894 2362 948 memoratur.
2398 885 2485 947 At
2503 883 2766 949 fortasse
2782 887 3007 952 Junius

800 984 1051 1068 quidam
1079 983 1412 1067 aliquando
1439 987 1638 1065 legem
1666 986 1743 1047 de
1772 984 2161 1049 feneratione
2187 983 2331 1047 tulit
2345 1030 2363 1060 ,
2406 1004 2540 1065 quae
2576 987 2862 1050 obstante
2888 989 3007 1053 Ca·

699 1123 704 1129 -
800 1098 951 1148 tone
979 1106 1019 1147 a
1044 1085 1274 1167 populo
1301 1081 1630 1167 repudiata
1658 1095 1726 1146 et
1753 1103 1897 1147 mox
1924 1080 2228 1148 oblivioni
2255 1083 2487 1148 tradita
2525 1096 2653 1160 est,
2686 1082 2814 1147 nisi
2841 1088 3006 1150 aeci-

804 1205 958 1270 pere
993 1184 1223 1260 mavis,
1267 1205 1552 1250 errorem
1585 1186 1783 1247 latere
1820 1185 1888 1247 in
1928 1180 2340 1268 inscriptione
2380 1198 2444 1246 et
2482 1185 2814 1265 legendum
2851 1187 3006 1267 legis

810 1287 1039 1347 Duilioe
1075 1288 1179 1349 vel
1213 1288 1492 1361 Maenioe,
1531 1306 1663 1367 quoe
1699 1286 1830 1362 lex,
1866 1282 2118 1349 nomine
2147 1284 2367 1347 Duiliae
2400 1283 2634 1349 Maeniae
2659 1287 3005 1368 appellata,

809 1407 978 1457 anno
1012 1387 1129 1450 397
1156 1389 1235 1450 de
1275 1383 1559 1449 unciario
1598 1385 1841 1449 foeuore
1882 1387 2028 1449 data
2069 1397 2187 1448 est.
2238 1383 2443 1451 Satius
2486 1397 2694 1449 autem
2731 1383 3005 1464 videtur,

808 1479 1284 1566 inscriptionem
1310 1502 1430 1565 pro
1458 1494 1759 1565 corrupta
1781 1482 2057 1546 habere=
2083 1479 2299 1546 nescio
2324 1479 2522 1559 enim,
2547 1480 2694 1564 quid
2717 1479 2843 1546 sibi
2862 1483 3016 1546 velit

809 1584 1114 1644 dissuasio
1156 1585 1232 1643 de
1252 1585 1651 1663 feneratione
1691 1582 1844 1665 Iegis
1873 1608 1896 1643 .-
1940 1581 2210 1646 debebat
2247 1581 2415 1645 enim
2457 1582 2667 1645 dicere
2704 1585 3012 1645 dissuasio

809 1681 964 1761 legis
1000 1683 1214 1743 Junioe
1256 1683 1332 1742 de
1351 1684 1778 1765 jener-atione.
1833 1679 1907 1771 [a
1932 1682 2071 1745 Huc
2111 1682 2471 1746 referendus
2517 1679 2760 1748 videtur
2803 1680 3014 1746 Livius

809 1781 1077 1859 XXXII,
1100 1783 1208 1855 27,
1239 1782 1383 1845 ubiz
1417 1781 1802 1858 Sardiniam,
1827 1784 2057 1866 inquit,
2091 1784 2242 1846 Cato
2275 1783 2583 1844 obtinebat
2619 1781 2721 1867 (in
2745 1795 3015 1866 praetura

809 1883 945 1947 scil.
970 1931 987 1960 ,
1014 1884 1093 1946 de
1113 1903 1233 1964 qua
1249 1883 1388 1946 Liv.
1408 1883 1499 1945 ib.
1520 1904 1579 1947 c.
1596 1885 1630 1946 7
1646 1895 1715 1947 et
1731 1881 1817 1961 8),
1837 1900 2077 1946 sanctus
2098 1899 2161 1945 et
2178 1889 2497 1959 innocens,
2511 1889 2795 1965 asperior
2809 1899 3017 1945 tamen

810 1984 875 2038 in
875 1980 1116 2059 senor-e
1136 1980 1475 2039 coercendo
1504 1977 1770 2055 habitus,
1779 1981 2111 2067 fligatique
2127 2002 2215 2041 ea:
2230 1980 2427 2041 insula
2429 1982 2832 2060 fhnoratores
2845 2004 2869 2040 .-
2890 1978 3017 2043 nisi

812 2075 1185 2157 quispotius
1212 2074 1377 2137 hanc
1403 2076 1754 2139 orationem
1781 2090 1910 2139 tum
1931 2075 2209 2140 habitam
2233 2075 2420 2139 fuisse
2442 2088 2634 2160 putet,
2661 2095 2802 2139 cum
2823 2075 3017 2138 multa

812 2176 884 2236 in
911 2176 1299 2237 fenoratores
1323 2174 1561 2256 judicia
1600 2198 1818 2240 severe
1859 2192 2003 2240 sunt
2039 2179 2229 2253 facta,
2260 2176 2703 2240 accusantibus
2741 2173 3020 2260 privatos

813 2274 1095 2336 aedilibus
1120 2275 1463 2349 curulibuS,
1497 2280 1586 2338 M..
1602 2277 1832 2342 Tuccio
1868 2291 1934 2342 et
1967 2283 2041 2343 P.
2078 2280 2269 2343 Junio
2304 2282 2499 2343 Bruto
2520 2275 2707 2363 (a.U.
2736 2277 2917 2363 561)=
2946 2298 3012 2341 v.

814 2371 955 2433 Liv.
978 2370 1236 2448 XXXV,
1262 2372 1367 2433 41.
1384 2400 1413 2432 ι
1434 2373 1714 2435 Bolhuis.
1741 2396 1803 2460 p.
1830 2370 2010 2467 149]

1465 2540 1571 2604 52.
1618 2559 1835 2603 onum
1877 2561 1957 2603 nr.
1999 2561 2075 2602 a:
2115 2560 2353 2604 rmnu.

901 2687 1218 2770 Quomodo
1239 2684 1571 2771 inscriptio
1589 2686 1672 2750 sit
1698 2687 2089 2773 explicanda,
2116 2708 2242 2752 non
2275 2688 2471 2752 faeia-
2486 2688 2612 2754 dici
2638 2701 2864 2772 potest.
2890 2690 3011 2752 Ne-

820 2805 939 2867 que
966 2787 1200 2867 Popma
1234 2807 1435 2869 neque
1474 2788 1631 2850 Lion
1669 2789 1866 2852 verbo
1917 2809 2051 2851 rem
2093 2786 2460 2869 attigerunt.
2491 2791 2784 2870 Legimus
2813 2802 3015 2852 autem

819 2884 983 2965 apud
1010 2885 1447 2961 Foreellinum,
1495 2888 1745 2949 Florius
1777 2903 1848 2950 ut
1872 2886 2134 2950 Floralia
2161 2908 2199 2950 a
2228 2887 2415 2950 Flora
2454 2890 2861 2952 derivandum
2890 2908 3016 2952 esse

819 2995 888 3044 et
926 2982 1001 3040 de
1032 3003 1104 3042 re
1129 2983 1348 3044 Floria
1377 2982 1807 3067 accipiendum
1851 2987 1930 3048 de
1967 2982 2129 3049 ludis
2155 2984 2524 3050 Floralibus.
2571 2987 2811 3051 Scimus
2848 2987 3020 3049 ludos

818 3075 1097 3141 Florales
1123 3100 1368 3142 omnem
1393 3082 1701 3164 pudorem
1718 3095 1783 3145 et
1816 3083 2164 3145 castitatem
2192 3079 2483 3157 violasse,
2515 3083 2879 3166 plebemque
2909 3102 3018 3144 nu·

819 3177 913 3237 dis
950 3173 1156 3238 mimis
1186 3178 1546 3239 delectatam
1567 3177 1775 3240 fuisse.
1818 3178 2005 3242 Ovid.
2034 3180 2196 3240 Fast.
2222 3180 2301 3256 V,
2335 3178 2480 3241 331.
2512 3180 2698 3242 Forte
2723 3177 2788 3239 id
2807 3190 3017 3241 autem

820 3270 1072 3348 accidit,
1106 3285 1176 3334 ut
1205 3274 1275 3336 in
1297 3275 1660 3353 fragmentis
1691 3271 1997 3337 orationis
2020 3275 2382 3339 Catonianae
2423 3277 2501 3340 de
2531 3275 2796 3338 crimine
2821 3275 3018 3356 impu·

814 3373 1044 3437 dicitiae
1087 3384 1309 3451 agatur
1342 3395 1360 3433 z
1394 3376 1559 3436 unde
1597 3387 2032 3454 argumentum
2078 3373 2212 3457 ejus
2245 3378 2324 3437 ad
2367 3376 2542 3439 ludos
2591 3372 2745 3437 istos
2790 3371 3019 3438 referri

813 3490 992 3553 posse
1019 3469 1221 3534 visum
1248 3481 1363 3530 est.
1402 3469 1683 3548 Accedit,
1741 3473 1903 3553 quod
1933 3470 2088 3535 Cato
2130 3468 2455 3535 Uticensis
2480 3470 2832 3554 aliquando,
2879 3490 3016 3533 eum

814 3569 942 3632 ludi
970 3569 1247 3632 Florales
1278 3565 1656 3652 inciperent,
1691 3573 2005 3634 theatrum
2035 3568 2310 3653 reliquit,
2348 3573 2492 3654 quia
2537 3571 2771 3655 probus
2799 3583 2860 3635 et
2907 3591 3017 3654 pu·

820 3671 992 3733 dicus
1014 3669 1152 3746 fuit,
1183 3690 1384 3752 neque
1415 3672 1580 3736 oculi
1609 3672 1744 3755 ejus
1771 3675 1837 3736 id
1865 3673 2289 3756 spectaculum
2321 3673 2653 3736 obscenum
2691 3668 2822 3756 pati
2848 3684 3018 3753 pote·

819 3780 1000 3830 rant:
1032 3789 1095 3832 v.
1118 3770 1327 3835 Valer.
1361 3772 1523 3834 Max.
1556 3774 1646 3847 11,
1684 3771 1789 3847 10,
1837 3777 1899 3850 83
1927 3774 2167 3837 Seneca
2195 3774 2396 3856 Epist.
2424 3771 2681 3836 XCVII.
2707 3771 3018 3853 Quamob-

817 3887 952 3929 rem
981 3869 1382 3950 conjecerunt
1403 3870 1777 3953 interpretes
1804 3869 2002 3937 Gellii
2028 3873 2116 3933 lx
2142 3918 2159 3948 ,
2197 3870 2300 3946 12,
2333 3886 2398 3936 et
2422 3872 2664 3951 Gierig.
2698 3871 2779 3932 ad
2807 3867 3018 3935 Ovidii

817 3968 981 4030 Fast.
1022 3971 1101 4041 V,
1141 3966 1288 4043 331,
1317 3968 1614 4033 Catonem
1654 3971 2021 4036 Uticensem
2047 3969 2279 4030 librum
2324 3973 2425 4034 vel
2451 3973 2801 4034 orationem
2844 3969 2921 4030 de
2947 3987 3015 4029 re

817 4068 1023 4129 Floria
1065 4065 1197 4128 sive
1248 4068 1325 4128 de
1365 4067 1524 4130 ludis
1559 4066 1915 4132 Floralibus
1960 4069 2304 4152 scripsisse.
2349 4070 2495 4145 Sed,
2548 4071 2602 4132 si
2652 4070 2775 4132 hoc
2801 4086 3016 4131 verum

819 4181 1003 4241 esset,
1033 4167 1273 4234 Gellius
1306 4181 1372 4231 et
1396 4170 1626 4233 Nonius
1655 4167 2027 4234 nominatim
2074 4166 2439 4237 Uticensem
2465 4170 2767 4236 Catonem
2794 4169 2859 4229 in
2885 4166 3021 4228 lau-

819 4261 977 4324 datis
1007 4265 1368 4342 fragmentis
1409 4269 1817 4348 appellassent
1855 4290 1869 4327 :
1905 4271 2205 4348 quomodo
2247 4270 2414 4332 enim
2457 4268 2725 4331 lectores
2758 4267 2924 4328 hun<-
2983 4287 3019 4325 a
