3367 5417
1371 482 1457 551 67

313 626 738 690 dentissimum
773 621 969 683 furem
1001 622 1308 700 increpat,
1341 618 1405 680 in
1443 617 1632 680 multo
1672 617 1875 678 minus
1900 618 2154 678 ferenda
2176 637 2305 681 sese
2356 620 2520 681 dela-

316 747 492 812 psum
533 729 639 805 (ut
682 722 790 807 fit)
848 720 1271 798 obliviscitur3
1308 733 1375 781 ut
1417 719 1842 802 Quintilianus
1881 719 1958 794 X,
2017 719 2076 792 1,
2131 719 2280 793 113,
2322 722 2524 780 seculo

304 829 592 902 priorem
615 840 801 900 posse
818 819 1021 878 videri
1030 816 1416 900 pronuntiet,
1454 830 1672 881 auctor
1694 830 1900 878 autem
1934 815 2182 895 Dialogi
2211 816 2288 877 de
2323 829 2512 878 oratt.

306 943 341 983 e
354 967 368 981 .
407 921 513 996 21,
552 923 710 977 inter
737 916 1063 976 Menenios
1100 932 1159 976 et
1189 917 1438 996 Appios
1470 917 1676 976 videri
1710 915 2031 982 studuisse,
2075 932 2204 976 non
2232 915 2368 976 sine
2395 916 2522 976 sale

308 1016 623 1083 notaverit
668 1015 959 1100 Scriptor
987 1016 1269 1108 Pollione
1299 1014 1583 1090 inferior,
1622 1016 1729 1078 sed
1760 1013 2033 1077 oratoria
2054 1013 2236 1077 laude
2259 1035 2384 1079 non
2413 1016 2523 1076 im·

308 1138 444 1200 par,
481 1118 564 1177 M.
603 1113 834 1176 Coelius
867 1110 1198 1177 Ciceronis
1229 1114 1529 1186 alumnus,
1569 1113 1637 1175 in
1678 1113 1843 1175 idem
1866 1127 2062 1190 genus
2083 1108 2226 1174 vitii
2257 1132 2384 1174 non
2401 1113 2520 1194 ῥηι-

309 1219 655 1301 prudenter
682 1217 927 1278 incidit.
961 1214 1316 1279 Ostendunt
1343 1215 1634 1299 epistolae,
1666 1234 1818 1276 sane
1847 1209 2060 1276 sacetae
2087 1210 2231 1288 illae,
2255 1216 2417 1295 quod
2446 1216 2523 1276 de

310 1321 432 1382 hoc
448 1331 697 1380 oratore
711 1317 1050 1399 praedieant
1077 1319 1301 1382 Cicero
1316 1320 1492 1380 Brut.
1512 1338 1573 1381 c.
1600 1318 1704 1392 79,
1737 1315 2004 1399 Quintil.
2032 1314 2113 1390 X,
2148 1316 2204 1391 1,
2234 1316 2391 1390 1153
2413 1317 2522 1378 sed

308 1436 758 1496 nonnunquam
803 1417 1128 1478 vetustatis
1168 1416 1446 1496 aerugine
1488 1413 1826 1476 infuscatae.
1877 1415 2161 1476 Nitorem
2197 1414 2524 1477 Ciceronis

306 1537 495 1578 nemo
522 1527 750 1599 praeter
777 1514 851 1577 C.
894 1515 1221 1590 Ctesarem,
1268 1517 1509 1579 artibus
1552 1514 1725 1596 pacis
1764 1533 1984 1593 parum
2024 1515 2320 1589 deditum,
2364 1535 2522 1576 asse-

306 1629 486 1678 cutus
527 1629 642 1677 est.
690 1615 848 1678 Vide
890 1616 966 1677 de
1008 1617 1379 1697 antiquariis
1409 1614 1568 1676 Livii
1596 1614 1971 1674 sententiam
2017 1615 2180 1695 apud
2219 1615 2526 1677 Senecam

306 1718 610 1781 Controv.
637 1719 744 1791 lv,
775 1715 880 1789 25,
906 1736 969 1798 p.
996 1715 1118 1778 284
1143 1717 1244 1776 ed.
1269 1716 1409 1796 Bip.
1425 1762 1442 1790 ,
1467 1718 1809 1792 Augustum
1831 1713 1992 1793 apud
2012 1714 2269 1774 Sueton.
2299 1716 2365 1776 in
2381 1716 2527 1776 Vita

307 1835 368 1874 c.
394 1816 498 1887 86,
527 1826 591 1875 et
612 1815 688 1874 de
708 1830 1007 1894 perversa
1027 1830 1242 1873 eorum
1260 1810 1612 1871 imitatione
1628 1808 1899 1891 Quintil.
1925 1809 2015 1880 11,
2044 1810 2104 1882 5,
2127 1808 2232 1882 21,
2260 1822 2323 1870 et
2345 1811 2523 1893 Sym·

308 1910 514 1971 mach.
536 1909 834 1989 Epp.111,
862 1907 969 1967 44.

390 2007 491 2068 52.
542 2006 784 2066 Mortuo
804 2002 1052 2078 Crasso,
1084 2002 1356 2065 Antonio
1378 2001 1733 2074 interfecto,
1761 2002 1973 2082 paucis
1994 2014 2058 2061 et
2077 2001 2518 2063 clamatoribus

296 2106 609 2189 plerisque
654 2117 718 2167 et
764 2102 1003 2165 rabulis
1045 2102 1249 2164 forum
1297 2100 1654 2164 tenentibus
1672 2149 1688 2176 ,
1752 2102 1832 2183 Q.
1879 2102 2239 2163 Hortensius
2286 2104 2525 2183 primus

299 2205 552 2283 agnitus
589 2214 717 2275 oet3
765 2213 835 2262 ut
874 2201 1209 2263 redeuntes
1249 2218 1389 2261 cum
1427 2199 1684 2262 Sullana
1711 2199 1982 2262 victoria
2014 2200 2199 2264 Cotta
2238 2214 2305 2261 et
2332 2200 2521 2263 Curio

296 2299 610 2382 superiori
651 2298 725 2380 ei·
756 2299 1078 2359 cederent.
1130 2296 1268 2356 Mox
1311 2307 1521 2357 tamen
1552 2294 1924 2358 Ciceronem
1963 2298 2251 2360 aemulum
2284 2299 2523 2377 reperit

298 2398 538 2460 viribus
578 2417 704 2459 non
744 2398 1082 2469 minorem,
1127 2396 1480 2457 eruditione
1517 2395 1859 2479 potiorem,
1906 2396 2013 2478 qui
2054 2399 2279 2461 deinde
2313 2396 2520 2478 juncti

295 2497 587 2558 maximis
616 2494 815 2556 causis
842 2513 1096 2577 operam
1126 2493 1453 2555 dederunt.
1502 2491 1690 2554 Circa
1731 2491 2140 2571 Ciceronem,
2188 2510 2253 2557 et
2290 2496 2520 2576 partim

290 2618 367 2659 cx
401 2597 535 2680 ejus
566 2594 834 2670 officina,
860 2595 911 2656 si
936 2596 1222 2655 Graecum
1253 2594 1571 2655 rhetorem
1600 2613 1745 2655 cum
1775 2596 2027 2657 consule
2047 2595 2332 2660 Romano
2355 2619 2518 2659 com-

292 2695 510 2776 parari
543 2694 711 2769 licet,
739 2694 1107 2774 prodierunt
1134 2692 1207 2751 C.
1240 2691 1475 2759 Caesar,
1509 2690 1612 2752 M.
1646 2690 1829 2767 Cato,
1872 2690 2010 2753 Ser.
2047 2695 2373 2772 Sulpicius,
2408 2696 2512 2755 M.

297 2792 602 2858 Calidius,
648 2791 748 2847 M.
796 2789 1044 2866 Coelius,
1093 2789 1163 2848 C.
1218 2789 1454 2862 Calvus,
1508 2789 1577 2848 C.
1602 2821 1615 2832 -
1634 2788 1813 2848 Curt'o
1864 2794 2092 2859 minor,
2135 2793 2230 2855 Μ.
2259 2791 2513 2865 Brutus‘,

294 2890 402 2949 M.
439 2887 733 2952 Valerius
780 2887 1071 2948 Messala.
1129 2885 1253 2949 Sed
1292 2887 1732 2970 praemittendi,
1796 2900 2128 2970 antequam
2174 2891 2251 2954 ad
2294 2892 2517 2953 horum

284 3003 393 3046 res
436 2996 500 3047 et
542 2996 789 3045 aetatem
834 2984 1250 3065 pervenimus,
1297 2984 1599 3059 seniores,
1647 3005 1791 3046 cum
1837 2984 2058 3067 quibus
2103 3000 2314 3050 tamen
2354 2986 2514 3050 vixit

286 3083 550 3146 Cicero.

371 3185 549 3246 Gens
584 3180 874 3253 Aurelia,
916 3193 1063 3242 ante
1086 3182 1335 3242 Auselia
1364 3182 1555 3255 dicta,
1586 3203 1662 3245 ex
1692 3181 1944 3246 Sabinis
1975 3181 2275 3258 oriunda,
2315 3186 2515 3246 ternis

286 3273 773 3356 cognominibus
813 3278 882 3338 in
924 3290 1138 3339 ternas
1179 3278 1379 3340 divisa
1423 3278 1714 3353 familias,
1744 3281 2091 3355 Cottarum,
2123 3278 2509 3353 Orestarum,

276 3378 686 3440 Scaurorum.
721 3378 965 3438 Primus
987 3397 1291 3439 summum
1319 3379 1621 3442 honorem
1651 3382 1907 3463 adeptus
1926 3380 2008 3444 C.
2032 3380 2239 3454 Cotta,
2267 3397 2409 3442 cum
2430 3380 2507 3444 C.

275 3478 559 3541 Servilio
587 3479 857 3540 Gemino
888 3479 1029 3541 Cos.
1070 3500 1131 3540 a.
1171 3480 1286 3540 501
1305 3527 1318 3542 .
1376 3483 1654 3543 Fuerunt
1690 3497 1895 3545 autem
1916 3482 1992 3546 C.
2022 3482 2267 3545 Aurelii
2288 3482 2505 3558 Cottae,

278 3577 361 3637 de
395 3594 517 3655 quo
548 3594 717 3637 nune
754 3575 1036 3649 dicimus,
1081 3577 1307 3639 fratres
1347 3579 1491 3655 duo,
1539 3580 1791 3643 Marcus
1828 3580 1973 3643 Cos.
2017 3579 2165 3653 679,
2198 3593 2263 3642 et
2287 3578 2511 3644 Lucius

275 3677 430 3740 Cos.
459 3673 587 3738 688
607 3701 623 3753 3
654 3686 720 3738 et
739 3687 1041 3757 praeterea
1062 3678 1359 3758 patruelis
1379 3681 1449 3741 L.
1477 3680 1687 3752 Cotta,
1713 3683 1819 3762 qui
1840 3683 2006 3744 ultra
2023 3693 2358 3764 praeturam
2381 3703 2507 3745 non

279 3776 615 3840 adscendit
640 3773 799 3860 (Cic.
823 3779 1003 3839 Brut.
1023 3797 1081 3839 c.
1105 3777 1184 3841 36
1207 3791 1271 3841 et
1286 3777 1402 3857 745
1437 3781 1603 3842 conf.
1630 3782 1729 3844 De
1751 3793 1912 3845 orat.
1934 3783 2050 3857 111,
2082 3781 2204 3861 11).
2230 3782 2302 3847 C.
2324 3785 2509 3848 Cotta
2602 3853 2614 3866 ,

284 3883 482 3934 natus
503 3872 650 3944 629,
694 3873 946 3955 aequalis
981 3874 1276 3957 Sulpicio,
1323 3896 1504 3957 quem
1532 3888 1769 3952 tamen,
1807 3899 1946 3942 cum
1973 3891 2121 3943 ante
2141 3896 2507 3963 quaesturam

279 3969 549 4050 gessisse
569 3971 878 4048 videatur,
912 3972 977 4034 in
1011 3973 1334 4035 tribunatu
1362 3978 1629 4058 petendo
1658 3979 2023 4042 antevertit.
2052 3981 2315 4045 Petebat
2334 3980 2505 4042 enim

283 4070 360 4130 [ι.
393 4068 660 4142 Marcio,
689 4072 832 4132 Sex.
861 4069 1107 4133 Cmare
1126 4073 1301 4135 Coss·
1330 4094 1451 4157 quo
1474 4095 1640 4137 anno
1662 4076 1895 4158 dialogi
1914 4079 2011 4140 De
2033 4087 2284 4140 oratore
2307 4073 2504 4145 hahffi

276 4172 596 4241 seruntur,
618 4170 686 4231 iu
710 4191 940 4233 annum
955 4176 1036 4240 U.
1066 4172 1186 4234 663
1214 4169 1369 4256 (Cic.
1396 4178 1491 4238 Dc
1511 4189 1670 4238 orat.
1701 4179 1756 4251 1,
1779 4181 1860 4254 7).
1887 4181 2032 4241 Mox
2055 4192 2262 4239 tamen
2281 4174 2501 4238 Crasso

283 4265 394 4328 vix
443 4267 786 4340 exstincto,
833 4273 1332 4351 repetundarum,
1380 4292 1519 4358 mox
1562 4274 1698 4352 lege
1725 4273 1914 4337 Varia
1953 4272 2311 4355 postulatuS,
2361 4295 2499 4336 cum
